,Quarter end,Shares,Shares split adjusted,Split factor,Assets,Current Assets,Liabilities,Current Liabilities,Shareholders equity,Non-controlling interest,Preferred equity,Goodwill & intangibles,Long-term debt,Revenue,Earnings,Earnings available for common stockholders,EPS basic,EPS diluted,Dividend per share,Cash from operating activities,Cash from investing activities,Cash from financing activities,Cash change during period,Cash at end of period,Capital expenditures,Price,Price high,Price low,ROE,ROA,Book value of equity per share,P/B ratio,P/E ratio,Cumulative dividends per share,Dividend payout ratio,Long-term debt to equity ratio,Equity to assets ratio,Net margin,Asset turnover,Free cash flow per share,Current ratio,ticker
0,2016-03-31,120680030,120680030,1,14336000000,1537000000,10266000000,2489000000,4032000000,38000000,0,1918000000,3273000000,1334000000,182000000,182000000,1.52,1.51,0.53,841000000,-238000000,-602000000,1000000,20000000,235000000,None,None,None,0.0867,0.0239,33.41,None,None,29.17,0.7249,0.8118,0.2813,0.0962,0.25,5.02,0.6175,AGL
1,2015-12-31,120384325,120384325,1,14754000000,2115000000,10779000000,3000000000,3929000000,46000000,0,1922000000,3275000000,962000000,107000000,107000000,0.89,0.89,0.51,-29000000,-286000000,315000000,0,19000000,282000000,62.27,63.99,60.55,0.0901,0.0248,32.64,1.94,18.93,28.64,0.6944,0.8335,0.2663,0.0896,0.28,-2.58,0.705,AGL
2,2015-09-30,120239934,120239934,1,14206000000,1776000000,10296000000,2802000000,3869000000,41000000,0,1926000000,3150000000,584000000,11000000,11000000,0.09,0.09,0.51,-75000000,-294000000,363000000,-6000000,19000000,293000000,54.86,63.37,46.36,0.1015,0.0276,32.18,1.67,17.53,28.13,0.6151,0.8142,0.2723,0.0891,0.31,-3.06,0.6338,AGL
3,2015-06-30,120087776,120087776,1,13835000000,1572000000,9846000000,2047000000,3948000000,41000000,0,1939000000,3452000000,674000000,42000000,42000000,0.35,0.34,0.51,365000000,-263000000,-118000000,-16000000,25000000,264000000,49.17,51.88,46.45,0.0973,0.0264,32.88,1.5,14.99,27.62,0.639,0.8744,0.2854,0.0847,0.31,0.84,0.768,AGL
4,2015-03-31,119934611,119934611,1,14138000000,2079000000,10174000000,2371000000,3926000000,38000000,0,1943000000,3524000000,1721000000,193000000,193000000,1.62,1.62,0.51,1120000000,-184000000,-926000000,10000000,41000000,188000000,52.13,57.75,46.5,0.1023,0.0274,32.73,1.65,12.9,27.11,0.606,0.8976,0.2777,0.0842,0.32,7.77,0.8768,AGL
5,2014-12-31,119656937,119656937,1,14909000000,2890000000,11081000000,3219000000,3784000000,44000000,0,1952000000,3602000000,1445000000,148000000,148000000,1.25,1.24,0.49,-219000000,-221000000,439000000,-1000000,31000000,451000000,53.39,56.67,50.1,0.1271,0.0331,31.62,1.7,16.03,26.6,0.4859,0.9519,0.2538,0.0895,0.37,-5.6,0.8978,AGL
6,2014-09-30,119572999,119572999,1,13953000000,2093000000,10151000000,2462000000,3760000000,42000000,0,1957000000,3605000000,589000000,-8000000,-8000000,-0.07,-0.07,0.49,-301000000,16000000,180000000,-105000000,32000000,-14000000,52.01,55.3,48.72,0.1065,0.0275,31.45,1.63,14.29,26.11,0.5815,0.9588,0.2695,0.0819,0.34,-2.4,0.8501,AGL
7,2014-06-30,119478539,119478539,1,14181000000,2384000000,10321000000,2595000000,3818000000,42000000,0,1962000000,3607000000,889000000,58000000,58000000,0.49,0.49,0.49,322000000,-136000000,-342000000,-156000000,137000000,171000000,51.7,55.1,48.29,0.118,0.03,31.96,1.62,14.52,25.62,0.5269,0.9447,0.2692,0.0877,0.34,1.26,0.9187,AGL
8,2014-03-31,119257873,119257873,1,15264000000,3589000000,11421000000,3754000000,3803000000,40000000,0,1967000000,3610000000,2462000000,284000000,284000000,2.39,2.38,0.49,853000000,-164000000,-501000000,188000000,293000000,161000000,47.51,49.84,45.17,0.1178,0.0296,31.89,1.58,19.08,25.13,0.5315,0.9493,0.2491,0.0857,0.35,5.8,0.956,AGL
9,2013-12-31,118901889,118901889,1,14550000000,2895000000,10937000000,3118000000,3568000000,45000000,0,1972000000,3813000000,921000000,64000000,64000000,0.54,0.53,0.47,-99000000,-215000000,288000000,-26000000,105000000,350000000,46.94,49.31,44.56,0.0833,0.021,30.01,1.58,16.82,24.64,0.7559,1.0687,0.2452,0.0701,0.3,-3.78,0.9285,AGL
10,2013-09-30,118788590,118788590,1,13904000000,2091000000,10341000000,2407000000,3525000000,38000000,0,2063000000,3816000000,675000000,28000000,28000000,0.24,0.24,0.47,-91000000,-248000000,286000000,-53000000,131000000,217000000,44.47,47,41.94,0.094,0.0236,29.67,1.49,16.91,24.17,0.6728,1.0826,0.2535,0.073,0.32,-2.59,0.8687,AGL
11,2013-06-30,118592240,118592240,1,13795000000,2063000000,10240000000,2349000000,3539000000,16000000,0,2067000000,3819000000,904000000,49000000,49000000,0.41,0.41,0.47,311000000,-157000000,-119000000,35000000,184000000,170000000,43.03,44.85,41.21,0.0895,0.0224,29.84,1.44,17.14,23.7,0.7087,1.0791,0.2565,0.0697,0.32,1.19,0.8782,AGL
12,2013-03-31,118180688,118180688,1,13940000000,2361000000,10399000000,3060000000,3526000000,15000000,0,2039000000,3324000000,1709000000,154000000,154000000,1.31,1.31,0.47,850000000,-256000000,-576000000,18000000,149000000,148000000,40.61,42.37,38.86,0.0859,0.0215,29.84,1.4,17.58,23.23,0.739,0.9427,0.2529,0.0698,0.31,5.94,0.7716,AGL
13,2012-12-31,117876484,117876484,1,14141000000,2668000000,10706000000,3338000000,3413000000,22000000,0,1933000000,3327000000,1218000000,98000000,98000000,0.84,0.83,0.46,-21000000,-217000000,278000000,40000000,131000000,213000000,39.3,41.71,36.9,0.0796,0.02,28.95,1.37,21.36,22.76,0.7553,0.9748,0.2414,0.0691,0.29,-1.99,0.7993,AGL
14,2012-09-30,117782207,117782207,1,13595000000,2135000000,10197000000,2764000000,3381000000,17000000,0,1817000000,3330000000,614000000,9000000,9000000,0.08,0.08,0.46,-58000000,-219000000,281000000,4000000,91000000,219000000,40.2,41.95,38.45,0.0609,0.0153,28.71,1.38,23.37,22.3,1.0431,0.9849,0.2487,0.059,0.26,-2.35,0.7724,AGL
15,2012-06-30,117515999,117515999,1,13274000000,1880000000,9845000000,2460000000,3412000000,17000000,0,1813000000,3334000000,686000000,34000000,34000000,0.28,0.29,0.46,266000000,-179000000,-71000000,16000000,87000000,179000000,38.44,40.29,36.59,0.0646,0.0162,29.03,1.32,23.02,21.84,1.0105,0.9771,0.257,0.0611,0.27,0.74,0.7642,AGL
16,2012-03-31,117310372,117310372,1,13239000000,2022000000,9813000000,2348000000,3410000000,16000000,0,1813000000,3558000000,1404000000,130000000,130000000,1.12,1.11,0.36,816000000,-171000000,-643000000,2000000,71000000,171000000,40.65,42.88,38.42,0.0679,0.017,29.07,1.43,18.91,21.38,0.996,1.0434,0.2576,0.0622,0.27,5.5,0.8612,AGL
17,2011-12-31,117099662,117099662,1,13913000000,2746000000,10574000000,3084000000,3318000000,21000000,0,1918000000,3561000000,790000000,33000000,33000000,0.37,0.36,0.55,-109000000,-1047000000,1060000000,-96000000,69000000,135000000,40.82,43.69,37.95,0.0766,0.0193,28.33,1.72,15.7,21.02,0.99,1.0732,0.2385,0.0736,0.26,-2.08,0.8904,AGL
18,2011-09-30,78553859,78553859,1,7459000000,1801000000,5578000000,1140000000,1864000000,17000000,0,418000000,2687000000,295000000,-3000000,-3000000,-0.04,-0.04,0.45,-100000000,-96000000,340000000,144000000,165000000,96000000,38.24,42.4,34.08,0.1086,0.0278,23.73,1.58,13.05,20.47,0.6906,1.4415,0.2499,0.0917,0.3,-2.5,1.5798,AGL
19,2011-06-30,78461591,78461591,1,7217000000,1603000000,5303000000,1399000000,1896000000,18000000,0,418000000,2164000000,375000000,18000000,18000000,0.23,0.24,0.45,-58000000,-102000000,96000000,-64000000,21000000,102000000,40.46,42.34,38.58,0.1231,0.0318,24.16,1.66,14.15,20.02,0.6104,1.1414,0.2627,0.1007,0.32,-2.04,1.1458,AGL
20,2011-03-31,78258498,78258498,1,7026000000,1587000000,5106000000,1313000000,1903000000,17000000,0,418000000,2173000000,878000000,124000000,124000000,1.6,1.59,0.45,718000000,-94000000,-563000000,61000000,85000000,94000000,37.78,39.91,35.65,0.1223,0.0318,24.32,1.63,12.59,19.57,0.6168,1.1419,0.2709,0.0996,0.32,7.97,1.2087,AGL
21,2010-12-31,77999557,77999557,1,7518000000,2162000000,5682000000,2428000000,1813000000,23000000,0,418000000,1673000000,665000000,64000000,64000000,0.82,0.81,0.44,-24000000,-145000000,179000000,10000000,24000000,140000000,36.94,39.66,34.21,0.129,0.0334,23.24,1.6,11.92,19.12,0.5863,0.9228,0.2412,0.0986,0.34,-2.1,0.8904,AGL
22,2010-09-30,78041667,78041667,1,6878000000,1628000000,5064000000,2064000000,1798000000,16000000,0,418000000,1514000000,346000000,22000000,22000000,0.29,0.29,0.44,-163000000,-48000000,209000000,-2000000,14000000,48000000,37.64,40,35.29,0.1335,0.035,23.04,1.62,12.67,18.68,0.5653,0.8420000000000001,0.2614,0.1027,0.34,-2.7,0.7888,AGL
23,2010-06-30,77930719,77930719,1,6778000000,1517000000,4951000000,1854000000,1810000000,17000000,0,418000000,1553000000,359000000,14000000,14000000,0.17,0.17,0.44,43000000,-135000000,89000000,-3000000,16000000,135000000,37.4,40.08,34.72,0.1198,0.0319,23.23,1.59,12.22,18.24,0.6316,0.858,0.267,0.0928,0.34,-1.18,0.8182,AGL
24,2010-03-31,77849493,77849493,1,6825000000,1649000000,4974000000,1783000000,1834000000,17000000,0,418000000,1674000000,1003000000,134000000,134000000,1.74,1.73,0.44,670000000,-114000000,-563000000,-7000000,19000000,114000000,36.55,38.83,34.26,0.1246,0.0337,23.56,1.59,12.69,17.8,0.6068,0.9128,0.2687,0.0951,0.35,7.14,0.9248,AGL
25,2009-12-31,77543821,77543821,1,7074000000,2000000000,5255000000,1772000000,1780000000,39000000,0,418000000,1974000000,638000000,71000000,71000000,0.92,0.91,0.43,-94000000,-162000000,261000000,5000000,26000000,162000000,35.51,37.52,33.5,0.1174,0.0348,22.95,1.6,12.08,17.36,0.6458,1.109,0.2516,0.0889,0.36,-3.3,1.1287,AGL
26,2009-09-30,77398732,77398732,1,6183000000,1318000000,4436000000,1044000000,1719000000,28000000,0,418000000,1975000000,307000000,-5000000,-5000000,0.16,0.16,0.43,-45000000,-107000000,161000000,9000000,21000000,107000000,32.92,35.79,30.05,0.1213,0.0358,22.21,1.45,9.07,16.93,0.6316,1.1489,0.278,0.0841,0.39,-1.96,1.2625,AGL
27,2009-06-30,77278942,77278942,1,6120000000,1316000000,4334000000,1281000000,1759000000,27000000,0,418000000,1675000000,377000000,21000000,21000000,0.26,0.26,0.43,120000000,-110000000,-19000000,-9000000,12000000,110000000,29.19,32.38,26,0.1618,0.0463,22.76,1.28,9.07,16.5,0.4694,0.9522,0.2874,0.1027,0.43,0.13,1.0273,AGL
28,2009-03-31,77170946,77170946,1,6157000000,1431000000,4365000000,1348000000,1763000000,29000000,0,418000000,1675000000,995000000,135000000,119000000,1.55,1.55,0.43,611000000,-97000000,-509000000,5000000,21000000,97000000,29.48,34.93,24.02,0.1448,0.0405,22.85,1.37,10.42,16.07,0.526,0.9501,0.2863,0.0888,0.43,6.66,1.0616,AGL
29,2008-12-31,76902777,76902777,1,6710000000,2042000000,5026000000,1983000000,1652000000,32000000,0,418000000,1675000000,805000000,74000000,74000000,0.98,0.97,0.42,55000000,-118000000,68000000,5000000,16000000,118000000,28.05,32.07,24.02,0.1279,0.0335,21.48,1.25,10.35,15.64,0.594,1.0139,0.2462,0.0775,0.43,-0.82,1.0298,AGL
30,2008-09-30,76780439,76780439,1,6504000000,1940000000,4751000000,1822000000,1724000000,29000000,0,418000000,1675000000,539000000,65000000,65000000,0.85,0.85,0.42,-187000000,-88000000,267000000,-8000000,11000000,88000000,33.02,35.44,30.6,0.1231,0.0328,22.45,1.5,16.27,15.22,0.6121,0.9716,0.2651,0.078,0.42,-3.58,1.0648,AGL
31,2008-06-30,76671051,76671051,1,6591000000,2043000000,4871000000,1979000000,1686000000,34000000,0,420000000,1637000000,444000000,-11000000,-11000000,-0.15,-0.15,0.42,-153000000,-86000000,237000000,-2000000,19000000,86000000,34.98,36.5,33.46,0.0938,0.0253,21.99,1.55,13.56,14.8,0.8094,0.9709,0.2558,0.0625,0.4,-3.12,1.0323,AGL
32,2008-03-31,76531344,76531344,1,6143000000,1666000000,4389000000,1643000000,1722000000,32000000,0,420000000,1516000000,1012000000,89000000,89000000,1.17,1.16,0.42,512000000,-80000000,-430000000,2000000,23000000,80000000,36.29,39.13,33.45,0.1186,0.0329,22.5,1.67,13.34,14.38,0.6401,0.8804,0.2803,0.0782,0.42,5.64,1.014,AGL
33,2007-12-31,76439305,76439305,1,6268000000,1811000000,4560000000,1645000000,1661000000,47000000,0,420000000,1674000000,685000000,66000000,66000000,0.86,0.85,0.41,-10000000,-62000000,76000000,4000000,21000000,66000000,38.29,41.16,35.42,0.1272,0.0357,21.73,1.81,15.5,13.96,0.5995,1.0078,0.265,0.0846,0.42,-0.99,1.1009,AGL
34,2007-09-30,76576917,76576917,1,5840000000,1428000000,4176000000,1375000000,1623000000,41000000,0,420000000,1548000000,369000000,13000000,13000000,0.17,0.17,0.41,-103000000,-66000000,169000000,0,17000000,68000000,38.38,41.51,35.24,0.1167,0.0327,21.19,1.78,13.91,13.55,0.6454,0.9538,0.2779,0.0764,0.43,-2.23,1.0385,AGL
35,2007-06-30,77695018,77695018,1,5797000000,1433000000,4085000000,1321000000,1672000000,40000000,0,420000000,1544000000,467000000,30000000,30000000,0.4,0.4,0.41,-53000000,-72000000,113000000,-12000000,17000000,72000000,42.09,44.67,39.52,0.1315,0.0366,21.52,1.95,16.13,13.14,0.564,0.9234,0.2884,0.0834,0.44,-1.61,1.0848,AGL
36,2007-03-31,77794028,77794028,1,5724000000,1394000000,4009000000,1101000000,1678000000,37000000,0,420000000,1623000000,973000000,102000000,102000000,1.31,1.3,0.41,542000000,-53000000,-480000000,9000000,29000000,53000000,40.59,42.99,38.2,0.1267,0.0347,21.57,1.96,14.92,12.73,0.5795,0.9672,0.2932,0.0801,0.43,6.29,1.2661,AGL
37,2006-12-31,77752515,77752515,1,6147000000,1822000000,4496000000,1627000000,1609000000,42000000,0,420000000,1622000000,704000000,47000000,47000000,0.6,0.6,0.37,13000000,-63000000,56000000,6000000,20000000,63000000,38.06,40.09,36.04,0.1336,0.0361,20.69,1.87,12.81,12.32,0.5432,1.0081,0.2618,0.0809,0.45,-0.64,1.1199,AGL
38,2006-09-30,77696090,77696090,1,5840000000,1512000000,4222000000,1316000000,1581000000,37000000,0,425000000,1634000000,434000000,36000000,36000000,0.46,0.46,0.37,104000000,-77000000,-52000000,-25000000,14000000,77000000,37.38,40,34.76,0.1481,0.0391,20.35,1.85,13.84,11.95,0.4987,1.0335,0.2707,0.0797,0.49,0.35,1.1489,AGL
39,2006-06-30,77878889,77878889,1,5790000000,1508000000,4183000000,1350000000,1573000000,34000000,0,422000000,1632000000,436000000,19000000,19000000,0.25,0.25,0.37,-49000000,-66000000,134000000,19000000,37000000,66000000,36.28,38.13,34.43,0.1375,0.0352,20.2,1.78,13.19,11.58,0.5263,1.0375,0.2717,0.0735,0.48,-1.48,1.117,AGL
40,2006-03-31,77931479,77931479,1,5736000000,1458000000,4118000000,1461000000,1585000000,33000000,0,422000000,1458000000,1047000000,110000000,110000000,1.42,1.41,0.37,286000000,-42000000,-256000000,-12000000,18000000,47000000,35.44,36.48,34.4,0.1435,0.0366,20.34,1.84,14.29,11.21,0.4916,0.9199,0.2763,0.0754,0.49,3.07,0.9979,AGL
41,2005-12-31,77849574,77849574,1,6251000000,2032000000,4714000000,1939000000,1499000000,38000000,0,422000000,1615000000,982000000,66000000,66000000,0.85,0.85,0.37,-109000000,-74000000,156000000,-27000000,30000000,73000000,34.88,37.54,32.23,0.1319,0.0332,19.26,1.87,15.37,10.84,0.5221,1.0774,0.2398,0.071,0.47,-2.34,1.048,AGL
42,2005-09-30,77651829,77651829,1,6086000000,1818000000,4604000000,1758000000,1451000000,31000000,0,405000000,1616000000,393000000,15000000,15000000,0.19,0.19,0.31,-158000000,7000000,163000000,12000000,57000000,64000000,37.3,39.32,35.29,0.1208,0.0307,18.69,1.98,15.61,10.47,0.544,1.1137,0.2384,0.0734,0.42,-2.86,1.0341,AGL
43,2005-06-30,77381037,77381037,1,5445000000,1200000000,3956000000,1146000000,1457000000,32000000,0,401000000,1621000000,431000000,24000000,24000000,0.31,0.3,0.31,-46000000,-49000000,116000000,21000000,45000000,49000000,36.13,38.89,33.37,0.1343,0.0347,18.83,1.93,14.93,10.16,0.5001,1.1126,0.2676,0.08,0.43,-1.23,1.0471,AGL
44,2005-03-31,77109918,77109918,1,5438000000,1179000000,3962000000,1214000000,1446000000,30000000,0,381000000,1618000000,912000000,88000000,88000000,1.15,1.14,0.31,391000000,-78000000,-338000000,-25000000,24000000,81000000,34.05,36.09,32,0.1441,0.0367,18.75,1.89,14.93,9.85,0.4792,1.1189,0.2659,0.0838,0.44,4.02,0.9712,AGL
45,2004-12-31,76953218,76953218,1,5640000000,1457000000,4219000000,1477000000,1385000000,36000000,0,354000000,1623000000,625000000,46300000,46300000,0.63,0.64,0.29,32000000,-298000000,271000000,5000000,49000000,96000000,31.88,33.65,30.11,0.1384,0.0348,18.0,2.04,14.62,9.54,0.5115,1.1718,0.2456,0.0835,0.42,-0.83,0.9865,AGL
46,2004-09-30,65363168,65363168,1,4034000000,848000000,2981000000,783000000,1023000000,30000000,0,177000000,1216000000,262000000,20000000,20000000,0.31,0.31,0.29,-89000000,-52000000,131000000,-10000000,44000000,64000000,29.94,31.27,28.6,0.1424,0.0355,15.65,1.92,13.55,9.25,0.5224,1.1887,0.2536,0.0953,0.37,-2.34,1.083,AGL
47,2004-06-30,64946102,64946102,1,4010000000,850000000,2970000000,1016000000,1011000000,29000000,0,177000000,962000000,294000000,21000000,21000000,0.34,0.33,0.29,8700000,-56500000,50400000,2600000,54000000,58700000,27.95,29.41,26.5,0.1489,0.0369,15.57,1.81,12.88,8.96,0.5077,0.9515,0.2521,0.1035,0.36,-0.77,0.8366,AGL
48,2004-03-31,64806872,64806872,1,3925800000,764200000,2897000000,926500000,1001900000,26900000,0,176600000,970200000,651000000,65700000,65700000,1.02,1,0.28,335300000,-15500000,-285400000,34400000,50900000,45300000,29.25,30.63,27.87,0.1512,0.0372,15.46,2,14.48,8.67,0.5082,0.9684,0.2552,0.1105,0.34,4.47,0.8248,AGL
49,2003-12-31,64586932,64586932,1,3977800000,747300000,2807200000,1054400000,945300000,225300000,0,176600000,730800000,279400000,35000000,35000000,0.54,0.54,0.28,21000000,-37200000,31700000,15500000,16500000,45800000,28.27,29.21,27.34,0.1407,0.0336,14.64,2,14,8.39,0.5553,0.7731,0.2376,0.13,0.26,-0.38,0.7087,AGL
50,2003-09-30,64266376,64266376,1,3696500000,551200000,2561300000,716000000,908500000,226700000,0,176600000,1130200000,166300000,22200000,22200000,0.35,0.34,0.28,-103600000,-23700000,125000000,-2300000,1000000,35400000,27.03,28.42,25.64,0.146,0.0331,14.14,1.92,14.61,8.11,0.5642,1.244,0.2458,0.1301,0.25,-2.16,0.7698,AGL
51,2003-06-30,63731156,63731156,1,3657900000,516700000,2533700000,892500000,895900000,228300000,0,176200000,925100000,186600000,18900000,18900000,0.3,0.29,0.28,16600000,-39000000,2700000,-19700000,3300000,41000000,25.27,26.87,23.66,0.139,0.0302,14.06,1.81,14.2,7.83,0.604,1.0326,0.2449,0.1138,0.27,-0.38,0.5789,AGL
52,2003-03-31,63342854,63342854,1,3892400000,720500000,2779200000,999800000,885900000,227300000,0,176200000,992900000,351400000,51800000,51800000,0.86,0.85,0.27,188100000,-45200000,-128300000,14600000,23000000,36200000,23.63,25.18,22.08,0.1377,0.0287,13.99,2.1,12.98,7.55,0.6164,1.1208,0.2276,0.1101,0.26,2.4,0.7206,AGL
53,2002-12-31,63229898,63229898,1,3742000000,586400000,2804700000,1015800000,710100000,227200000,0,176200000,767000000,249700000,31200000,31200000,0.55,0.54,0.27,59600000,-48600000,6300000,17300000,8400000,50700000,22.81,25,20.62,0.1427,0.0291,11.23,1.81,13.18,7.28,0.607,1.0801,0.1898,0.1185,0.25,0.14,0.5773,AGL
54,2002-09-30,56313165,56313165,1,3464900000,350900000,2527600000,747400000,710100000,227200000,0,176200000,797000000,190700000,9400000,9400000,0.17,0.17,0.27,39600000,-28600000,-9200000,1800000,6100000,48900000,20.77,23.59,17.94,0.1349,0.0278,12.61,1.59,12.59,7.01,0.6252,1.1224,0.2049,0.1023,0.27,-0.17,0.4695,AGL
55,2002-06-30,56134127,56134127,1,3500800000,381600000,2545500000,840500000,734800000,220500000,0,176200000,797000000,159200000,12300000,12300000,0.22,0.22,0.27,24600000,-39200000,3600000,-11000000,4300000,40300000,22.98,24.21,21.74,0.1302,0.0267,13.09,1.75,14.36,6.74,0.6531,1.0846,0.2099,0.0938,0.28,-0.28,0.45399999999999996,AGL
56,2002-03-31,55895597,55895597,1,3463800000,326900000,2513200000,785500000,732700000,217900000,0,176200000,797000000,269300000,50100000,50100000,0.9,0.89,0.27,161700000,-44000000,-124700000,-7000000,15300000,47100000,22.37,23.66,21.08,0.1287,0.0273,13.11,1.8,13.4,6.47,0.6711,1.0878,0.2115,0.0892,0.31,2.05,0.4162,AGL
57,2001-12-31,55568054,55568054,1,3461900000,312600000,2553800000,709200000,690100000,218000000,0,176200000,797000000,325700000,24900000,24900000,0.45,0.45,0.27,-5000000,-49400000,73900000,19500000,22300000,51900000,None,None,None,0.1347,0.0296,12.42,None,None,6.2,0.6505,1.1549,0.1993,0.0845,0.35,-1.02,0.4408,AGL
58,2001-09-30,55197707,55197707,1,3368100000,217400000,2476800000,586600000,671400000,219900000,0,176200000,845000000,228200000,4800000,4800000,0.1,0.09,0.27,1000000,-40500000,37800000,-1700000,2800000,58800000,21.84,24.5,19.17,0.134,0.0307,12.16,1.77,11.74,5.93,0.6639,1.2586,0.1993,0.0847,0.36,-1.05,0.3706,AGL
59,2001-06-30,54807072,54807072,1,2754500000,178400000,1859100000,500300000,675700000,219700000,0,153300000,845000000,175700000,9300000,9300000,0.17,0.17,0.27,-9300000,-28900000,30500000,-7700000,4500000,31500000,22.66,24.09,21.22,0.156,0.0397,12.33,1.83,11.62,5.66,0.5787,1.2506,0.2453,0.1064,0.37,-0.74,0.3566,AGL
60,2001-03-31,54394101,54394101,1,2761200000,200800000,2013500000,632900000,673400000,74300000,0,149300000,890000000,350600000,52300000,52300000,0.96,0.96,0.27,89500000,-18100000,-61200000,10200000,12200000,31700000,20.9,21.92,19.88,0.1666,0.0449,12.38,1.79,14.93,5.39,0.552,1.3217,0.2439,0.1165,0.39,1.06,0.3173,AGL
61,2000-12-31,54208371,54208371,1,2702000000,207700000,1995200000,949400000,632500000,74300000,0,159100000,590000000,294800000,22500000,22500000,0.41,0.41,0.27,18600000,-563600000,545000000,0,2000000,33700000,21.13,23,19.25,0.1225,0.0354,11.67,1.84,16.38,5.12,0.7652,0.9328,0.2341,0.1063,0.33,-0.28,0.2188,AGL
62,2000-09-30,54127668,54127668,1,2019900000,99700000,1324700000,284800000,620900000,74300000,0,0,590000000,133200000,17400000,17400000,0.32,0.32,0.27,57400000,-40400000,-15000000,2000000,2000000,34500000,18.53,20.31,16.75,0.1125,0.0362,11.47,1.62,12.87,4.85,0.8337,0.9502,0.3074,0.1171,0.31,0.42,0.3501,AGL
63,2000-06-30,54186135,54186135,1,1965300000,75100000,1269900000,244400000,621100000,74300000,0,0,590000000,131800000,13900000,13900000,0.26,0.26,0.27,21700000,-39600000,11400000,-6500000,0,36800000,16.94,18.13,15.75,0.1259,0.0414,11.46,1.48,13.03,4.58,0.7432,0.9499,0.316,0.1228,0.34,-0.28,0.3073,AGL
64,2000-03-31,54285667,54285667,1,1949500000,84300000,1251800000,231200000,623400000,74300000,0,0,590000000,160100000,22700000,22700000,0.41,0.41,0.27,61900000,-40700000,-18900000,2300000,6500000,40700000,17.34,18.38,16.31,0.1143,0.0379,11.48,1.49,13.24,4.31,0.8204,0.9464,0.3198,0.1041,0.36,0.39,0.3646,AGL
65,1999-12-31,56952069,56952069,1,1930400000,95600000,1194500000,177300000,661600000,74300000,0,0,610000000,182300000,17100000,17100000,0.3,0.3,0.27,10600000,-39800000,500000,-28700000,4200000,33700000,17.59,19.13,16.06,0.1145,0.0382,11.62,1.52,13.64,4.04,0.8162,0.922,0.3427,0.0816,0.47,-0.41,0.5392,AGL
66,1999-09-30,56991789,56991789,1,1969300000,157500000,1233500000,222900000,661500000,74300000,0,0,610000000,183700000,27100000,27100000,0.48,0.47,0.27,76900000,5400000,-63400000,18900000,32900000,42400000,18.25,20.56,15.94,0.1128,0.0371,11.61,1.6,17.89,3.77,0.8315,0.9221,0.3359,0.0696,0.53,0.61,0.7066,AGL
67,1999-06-30,56911802,56911802,1,1976900000,223900000,1255000000,229900000,647600000,74300000,0,0,610000000,185900000,7200000,7200000,0.12,0.12,0.27,24300000,-37300000,20100000,7100000,14000000,30000000,18.09,19.25,16.94,0.0887,0.029,11.38,1.56,20.56,3.5,1.0629,0.9419,0.3276,0.0535,0.54,-0.1,0.9739,AGL
68,1999-03-31,57683727,57683727,1,2030900000,262800000,1286400000,224900000,670200000,74300000,0,0,660000000,375100000,24200000,24200000,0.42,0.42,0.27,162800000,-31900000,-124000000,6900000,6900000,26900000,20.31,23.06,17.56,0.0757,0.025,11.62,1.77,16.25,3.23,1.2432,0.9848,0.33,0.0433,0.58,2.36,1.1685,AGL
69,1998-12-31,57524148,57524148,1,2048300000,354800000,1315500000,309600000,658500000,74300000,0,0,660000000,323900000,15900000,15900000,0.28,0.28,0.27,3000000,-28800000,24900000,-900000,0,25500000,21.25,23.19,19.31,0.1074,0.0358,11.45,1.86,14.96,2.96,0.8736,1.0023,0.3215,0.0562,0.64,-0.39,1.146,AGL
70,1998-09-30,57389114,57389114,1,1981800000,294900000,1253400000,250000000,654100000,74300000,0,0,660000000,205400000,11000000,11000000,0.19,0.2,0.27,-20000000,-44000000,55400000,-8600000,900000,9300000,19.31,20.56,18.06,0.1233,0.0408,11.4,1.68,16.79,2.69,0.7649,1.0090000000000001,0.3301,0.0602,0.68,-0.51,1.1796,AGL
71,1998-06-30,57165252,57165252,1,1935000000,263800000,1205100000,202600000,655600000,74300000,0,0,660000000,247000000,-1200000,-1200000,-0.02,-0.02,0.27,45600000,-29000000,-7100000,9500000,9500000,29500000,20.66,22.06,19.25,0.1025,0.0337,11.47,1.76,17.22,2.42,0.9284,1.0067,0.3388,0.0499,0.68,0.28,1.3021,AGL
72,1998-03-31,56988417,56988417,1,1944500000,279300000,1201400000,209800000,668800000,74300000,0,0,660000000,483900000,45100000,45100000,0.79,0.79,0.27,181800000,-29000000,-160700000,-7900000,0,30800000,20.38,21.5,19.25,0.1073,0.0353,11.74,1.82,15.8,2.15,0.8905,0.9868,0.3439,0.053,0.67,2.65,1.3313,AGL
73,1997-12-31,56799765,56799765,1,2050200000,408700000,1340100000,357600000,635800000,74300000,0,0,660000000,402300000,25700000,25700000,0.45,0.45,0.27,-29900000,-31200000,64200000,3100000,7900000,25200000,19.47,20.94,18,0.1145,0.0375,11.19,1.77,14.21,1.88,0.8393,1.0381,0.3101,0.0555,0.68,-0.97,1.1429,AGL
74,1997-09-30,56665859,56665859,1,1925000000,292700000,1170100000,243400000,622100000,132800000,0,0,660000000,194600000,-3400000,-3400000,-0.07,None,0.27,-7200000,-35400000,43100000,500000,4800000,29000000,19.91,20.94,18.88,0.1221,0.04,10.98,1.76,None,1.61,0.7933,1.0609,0.3232,0.0595,0.67,-0.64,1.2025,AGL
75,1997-06-30,56456402,56456402,1,1876500000,269400000,1119800000,224400000,637900000,118800000,0,0,584500000,216700000,1400000,1400000,0.03,None,0.27,50100000,-37000000,-17500000,-4400000,4300000,32600000,19.75,20.75,18.75,None,None,11.3,1.72,None,1.34,None,0.9163,0.3399,None,None,0.31,1.2005,AGL
76,1997-03-31,56059806,56059806,1,1893400000,313700000,1190800000,308200000,644100000,58500000,0,0,584500000,496700000,49000000,49000000,0.88,None,0.27,141100000,-45500000,-88000000,7600000,8700000,32900000,20.06,21.5,18.63,None,None,11.49,1.85,None,1.07,None,0.9075,0.3402,None,None,1.93,1.0178,AGL
77,1996-12-31,55867649,55867649,1,1956400000,404600000,1291600000,403000000,606300000,58500000,0,0,584500000,379600000,29600000,29600000,0.53,None,0.27,-32600000,-29500000,54500000,-7600000,1100000,29000000,20.63,21.75,19.5,None,None,10.85,1.96,None,0.8,None,0.9640000000000001,0.3099,None,None,-1.1,1.004,AGL
78,1996-09-30,55743907,55743907,1,1824700000,289200000,1177900000,322500000,588300000,58500000,0,0,554500000,None,None,None,None,None,0.0,-23600000,-38000000,68100000,6500000,8700000,41000000,19.13,20.88,17.38,None,None,10.55,1.76,None,0.53,None,0.9425,0.3224,None,None,-1.16,0.8967,AGL
79,1996-06-30,55526692,55526692,1,1742800000,247600000,1082200000,246900000,602100000,58500000,0,0,554500000,241100000,3600000,3900000,0.06,None,0.265,39800000,-35600000,-6500000,-2300000,2200000,34200000,18.06,19,17.13,None,None,10.84,1.64,None,0.53,None,0.9209,0.3455,None,None,0.1,1.0028,AGL
80,1996-03-31,55362112,55362112,1,1765400000,284800000,1096600000,274000000,610300000,58500000,0,0,554500000,478800000,45000000,45300000,0.81,None,0.265,None,None,None,None,4500000,0,18.94,20.25,17.63,None,None,11.02,None,None,0.265,None,0.9086,0.3457,None,None,None,1.0394,AGL
