,Quarter end,Shares,Shares split adjusted,Split factor,Assets,Current Assets,Liabilities,Current Liabilities,Shareholders equity,Non-controlling interest,Preferred equity,Goodwill & intangibles,Long-term debt,Revenue,Earnings,Earnings available for common stockholders,EPS basic,EPS diluted,Dividend per share,Cash from operating activities,Cash from investing activities,Cash from financing activities,Cash change during period,Cash at end of period,Capital expenditures,Price,Price high,Price low,ROE,ROA,Book value of equity per share,P/B ratio,P/E ratio,Cumulative dividends per share,Dividend payout ratio,Long-term debt to equity ratio,Equity to assets ratio,Net margin,Asset turnover,Free cash flow per share,Current ratio,ticker
0,2019-06-30,631129000,631129000,1,38706750000,None,12929317000,None,22330808000,3446625000,68948000,0,11371490000,790372000,385276000,385276000,0.61,0.6,0.53,508607000,-77866000,-285266000,150160000,401190000,-26508000,77.04,82.82,71.26,0.0755,0.0437,35.27,2.18,28.43,13.68,0.7602,0.5108,0.5751,0.5489,0.08,0.85,None,PLD
1,2019-03-31,630793000,630793000,1,38392112000,None,12568051000,None,22334483000,3489578000,68948000,0,10706139000,772052000,348546000,347047000,0.55,0.55,0.53,494914000,159639000,-748634000,-92826000,251030000,101578000,64.61,72.82,56.4,0.0792,0.0451,35.3,1.83,22.75,13.15,0.7356,0.4808,0.58,0.5635,0.08,0.62,None,PLD
2,2018-12-31,630350000,630350000,1,38417664000,None,12616776000,None,22298093000,3502795000,68948000,754777000,11089815000,807085000,598060000,596568000,0.95,0.94,0.48,529641000,-19691000,-443010000,68294000,343856000,182117000,62.08,68.95,55.21,0.0872,0.0486,35.26,1.78,25.34,12.62,0.6795,0.4989,0.5786,0.586,0.08,0.55,None,PLD
3,2018-09-30,629530000,629530000,1,38268162000,None,12830507000,None,22030599000,3407056000,68948000,0,11232129000,682432000,347836000,346345000,0.6,0.6,0.48,500694000,-457331000,-288847000,-252268000,275562000,419253000,65.04,68.2,61.88,0.0782,0.0426,34.89,2.23,18.69,12.14,0.7812,0.5114,0.5739,0.5129,0.08,0.13,None,PLD
4,2018-06-30,533307000,533307000,1,29502882000,None,10776379000,None,15638570000,3087933000,68948000,0,9427124000,621276000,336087000,334611000,0.63,0.62,0.48,423983000,-338636000,-4275000,69731000,527830000,330946000,63.91,67.0,60.82,0.1204,0.0636,29.19,2.18,19.02,11.66,0.5238,0.6055,0.5277,0.7378,0.09,0.17,None,PLD
5,2018-03-31,533237000,533237000,1,29671485000,None,10883365000,None,15680075000,3108045000,68948000,0,9460177000,693656000,367378000,365902000,0.69,0.68,0.48,349241000,151862000,-495969000,11053000,458099000,-62488000,61.73,65.19,58.28,0.1175,0.061,29.28,2.11,20.17,11.18,0.5312,0.606,0.5261,0.6727,0.09,0.77,None,PLD
6,2017-12-31,533054000,533054000,1,29481075000,None,10775334000,None,15631158000,3074583000,68948000,468271000,9412631000,619922000,300886000,295515000,0.57,0.55,0.44,326933000,201391000,-649297000,-121680000,447046000,-141278000,65.26,67.53,62.99,0.1086,0.0555,29.19,2.24,19.48,10.7,0.5701,0.6048,0.5279,0.6271,0.09,0.88,None,PLD
7,2017-09-30,532082000,532082000,1,29654150000,None,11094894000,None,15543751000,3015505000,78235000,0,9721065000,602874000,877893000,876218000,1.65,1.63,0.44,615153000,512391000,-830936000,297372000,568726000,-976476000,61.04,65.49,56.59,0.1195,0.0599,29.07,2.2,27.25,10.26,0.517,0.6286,0.5215,0.6825,0.09,2.99,None,PLD
8,2017-06-30,531863000,531863000,1,30150395000,None,12290157000,None,14847296000,3012942000,78235000,0,11081922000,766183000,268617000,266943000,0.5,0.5,0.44,392366000,-226991000,-297423000,-124475000,271354000,231589000,55.58,59.49,51.66,0.0806,0.0395,27.77,2.01,24.59,9.82,0.7661,0.7503,0.4898,0.4375,0.09,0.3,None,PLD
9,2017-03-31,530315000,530315000,1,29814958000,None,12146537000,None,14746867000,2921554000,78235000,0,10966932000,629155000,204929000,203255000,0.38,0.38,0.44,352794000,56487000,-828928000,-411487000,395829000,-37719000,51.29,54.25,48.33,0.0813,0.0396,27.66,1.82,22.59,9.38,0.7501,0.7476,0.49200000000000005,0.4689,0.08,0.74,None,PLD
10,2016-12-31,529345000,529345000,1,30249932000,None,11791792000,None,14991081000,3467059000,78235000,545744000,10608294000,620115000,442197000,440539000,0.84,0.84,0.42,419994000,521906000,-496802000,432196000,807316000,-297154000,49.72,53.51,45.93,0.0818,0.0393,28.17,1.79,30.5,8.94,0.7366,0.7114,0.493,0.475,0.08,1.35,None,PLD
11,2016-09-30,528614000,528614000,1,30888209000,None,12604939000,None,14799167000,3484103000,78235000,0,11256997000,704565000,280926000,279255000,0.53,0.52,0.42,418920000,-177919000,-198611000,42899000,375120000,92151000,51.66,54.87,48.46,0.0602,0.0285,27.85,1.86,32.29,8.52,0.9919,0.7647,0.4766,0.3447,0.08,0.62,None,PLD
12,2016-06-30,526951000,526951000,1,30745934000,None,12462900000,None,14712191000,3570843000,78235000,0,11139415000,602155000,277079000,275383000,0.52,0.52,0.42,311821000,565424000,-920781000,-37516000,332221000,-113923000,47.09,50.74,43.45,0.059,0.0278,27.77,1.7,34.88,8.1,1.001,0.7612,0.47600000000000003,0.3539,0.08,0.81,None,PLD
13,2016-03-31,525367000,525367000,1,31375748000,None,13035124000,None,14632661000,3707963000,78235000,0,11687171000,606300000,209730000,208041000,0.4,0.39,0.42,266270000,342627000,-509271000,105657000,369737000,-139796000,39.75,44.26,35.25,0.0498,0.0233,27.7,1.43,24.69,7.68,1.1424,0.8029999999999999,0.4639,0.31,0.07,0.77,None,PLD
14,2015-12-31,524774000,524774000,1,31394767000,None,12973931000,None,14667935000,3752901000,78235000,0,11626831000,643201000,119995000,118363000,0.24,0.2,0.4,313595000,226172000,-585059000,-46353000,264080000,-194318000,41.17,43.69,38.66,0.0592,0.029,27.8,1.48,17.9,7.26,0.9237,0.7969,0.4647,0.3927,0.07,0.97,None,PLD
15,2015-09-30,524311000,524311000,1,31419354000,None,13234383000,None,14631570000,3553401000,78235000,0,11934355000,580622000,260650000,258979000,0.49,0.49,0.4,293926000,205835000,-538157000,-40592000,310433000,-261635000,39.38,42.49,36.26,0.08,0.0406,27.76,1.41,19.3,6.86,0.6557,0.82,0.4632,0.5752,0.07,1.06,None,PLD
16,2015-06-30,524127000,524127000,1,31602397000,None,13248373000,None,14710751000,3643273000,78235000,0,12121305000,510404000,141918000,140240000,0.27,0.27,0.36,274357000,-4880271000,4763383000,159012000,351025000,7331000,40.75,44.48,37.03,0.073,0.0388,27.92,1.47,21.45,6.46,0.6904,0.8284,0.46299999999999997,0.5602,0.07,0.51,None,PLD
17,2015-03-31,524047000,524047000,1,25460821000,None,9668014000,None,14614973000,1177834000,78235000,0,8641421000,462847000,346876000,345206000,0.67,0.65,0.36,81532000,-200349000,-31953000,-158679000,192013000,121375000,44.36,47.56,41.15,0.0697,0.0393,27.74,1.63,35.21,6.1,0.7142,0.5945,0.5709,0.5382,0.07,-0.08,None,PLD
18,2014-12-31,512138000,512138000,1,25818223000,None,10634624000,None,13975509000,1208090000,78235000,266857000,9380199000,450865000,410287000,408609000,0.82,0.89,0.33,253754000,115136000,-314675000,38813000,350692000,-64842000,40.58,44.05,37.12,0.0459,0.0258,27.14,1.52,86.34,5.74,1.067,0.675,0.5383,0.3534,0.07,0.62,None,PLD
19,2014-09-30,499989000,499989000,1,24072103000,None,9935354000,None,13440101000,696648000,78235000,0,8822952000,415151000,137915000,136245000,0.27,0.23,0.33,144911000,-413831000,327752000,44452000,311879000,-129309000,39.83,42.38,37.28,0.0202,0.0118,26.72,1.48,181.05,5.41,2.3279,0.6603,0.5551,0.1585,0.07,0.55,None,PLD
20,2014-06-30,499991000,499991000,1,24131562000,None,9854712000,None,13571744000,705106000,78235000,0,8529453000,460089000,81180000,72715000,0.15,0.13,0.33,233623000,327513000,-483078000,78541000,267427000,-496525000,41.19,42.66,39.72,0.0095,0.0059,26.99,1.53,457.67,5.08,4.7278,0.6321,0.5592,0.0743,0.07,1.46,None,PLD
21,2014-03-31,499688000,499688000,1,24655148000,None,10161905000,None,13571035000,922208000,100000000,0,8870635000,434682000,6801000,4666000,0.01,0.01,0.33,72243000,-517127000,132184000,-302243000,188886000,281266000,39.22,42.1,36.33,0.004,0.0026,26.96,1.44,60.34,4.75,10.6826,0.6585,0.5464,0.0323,0.07,-0.42,None,PLD
22,2013-12-31,499613700,499613700,1,24572307000,None,10395854000,None,13711158000,465295000,100000000,247567000,9011216000,410211000,61192000,59057000,0.12,0.1,0.28,152741000,667254000,-436512000,369436000,491129000,-1013934000,38.35,40.99,35.71,0.0236,0.0141,27.24,1.4,767,4.42,1.7711,0.662,0.5539,0.1802,0.07,2.34,None,PLD
23,2013-09-30,498723600,498723600,1,24789543000,None,10526021000,None,13753093000,510429000,100000000,0,9119317000,430185000,-5399000,-7534000,-0.02,-0.02,0.28,128680000,-751184000,356667000,-263731000,121693000,-366870000,37.59,40.58,34.6,0.0021,0.0025,27.38,1.37,None,4.14,19.8293,0.6679,0.5508,0.0152,0.07,0.99,None,PLD
24,2013-06-30,498605600,498605600,1,24037568000,None,9715066000,None,13799426000,523076000,100000000,0,8417310000,419474000,2299000,-1517000,0.0,0.0,0.28,74428000,-396730000,-23912000,-399935000,385424000,549087000,40.31,45.52,35.09,-0.0009,0.0013,27.48,1.62,None,3.86,None,0.6144,0.5699,None,0.07,-0.95,None,PLD
25,2013-03-31,498223600,498223600,1,24075299000,None,10864766000,None,12500895000,709638000,100000000,0,9074123000,490616000,284829000,265416000,0.58,0.57,0.28,129140000,2814582000,-2261865000,684549000,785359000,-2990149000,39.03,41.02,37.04,-0.0014,0.0012,24.89,1.45,None,3.58,None,0.7317,0.5151,None,0.07,6.26,None,PLD
26,2012-12-31,462807491,462807491,1,27310145000,None,13536809000,None,13069017000,704319000,582200000,243806000,11790794000,473044000,-218407000,-228712000,-0.5,-0.5,0.28,90144000,577492000,-725633000,-57378000,100810000,-611229000,34.55,36.8,32.31,-0.0063,-0.0014,26.98,1.23,265.77,3.3,None,0.9443,0.4572,None,0.07,1.52,None,PLD
27,2012-09-30,460910000,460910000,1,28576422000,None,14401901000,None,13481749000,692772000,582200000,0,12578060000,512105000,-36221000,-46526000,-0.1,-0.1,0.28,213243000,-237703000,-106510000,-135443000,158188000,246812000,34.3,37.58,31.03,0.0037,0.0032,27.99,1.23,98,3.02,10.1928,0.9751,0.4514,0.0232,0.07,-0.07,None,PLD
28,2012-06-30,460678000,460678000,1,28415563000,None,14245996000,None,13466971000,702596000,582200000,0,12433585000,520748000,1929000,-8120000,-0.02,-0.02,0.28,88670000,13265000,-159150000,-50105000,293631000,142356000,33.33,36.62,30.03,0.0114,0.0068,27.97,1.17,None,2.74,3.2516,0.965,0.4534,0.073,0.07,-0.12,None,PLD
29,2012-03-31,460398400,460398400,1,28867953000,None,14317293000,None,13717655000,833005000,582200000,0,12380921000,500064000,212979000,202412000,0.44,0.44,0.28,71435000,176561000,-80218000,167664000,343736000,-491042000,32.09,36.03,28.16,0.0005,0.0017,28.53,1.13,None,2.46,75.0991,0.9426,0.455,0.0035,0.07,1.22,None,PLD
30,2011-12-31,458974100,458974100,1,27723912000,None,13268438000,None,13661639000,793835000,582200000,0,11382408000,530229000,-87558000,-99896000,-0.19,-0.19,0.22,102117000,565458000,-710701000,-40677000,176072000,-537759000,26.15,30.56,21.74,-0.0174,-0.0066,28.5,0.9,None,2.18,None,0.8703,0.4718,None,0.07,1.39,None,PLD
31,2011-09-30,458252900,458252900,1,28586304000,None,13984338000,None,13932830000,669136000,582200000,25280000,12147277000,501393000,65845000,55436000,0.12,0.12,0.28,122174000,-151993000,-11375000,-44144000,216749000,213064000,30.7,37.46,23.94,-0.01,-0.0031,29.13,1.02,None,1.96,None,0.9099,0.467,None,0.06,-0.2,None,PLD
32,2011-06-30,459001300,459001300,1,29134506000,None,14064261000,None,14353540000,716705000,582200000,32760000,12119952000,335901000,-143829000,-151471000,-0.49,-0.49,0.28,-78954000,-600645000,877769000,218057000,260893000,-261520000,34.6,37.44,31.76,-0.0229,-0.0087,30.0,1.91,247.14,1.68,None,0.8801,0.4727,None,0.06,0.4,None,PLD
33,2011-03-31,169576043,169576043,1,7420763000,None,3720670000,None,3302732000,397361000,223412000,0,3426051000,165768000,12128000,7821000,0.05,0.05,0.28,61727000,-45885000,7625000,5202000,203626000,111927000,34.11,36.47,31.75,0.0072,0.0055,18.16,1.87,568.5,1.4,10.6417,1.1126,0.415,0.0347,0.09,-0.3,None,PLD
34,2010-12-31,169409343,169409343,1,7372895000,None,3670773000,None,3320723000,381399000,223412000,0,3331299000,158234000,9621000,4882000,0.03,0.03,0.56,41924000,-214515000,190997000,21988000,198424000,46993000,29.16,32.18,26.14,0.0033,0.0038,18.28,1.58,None,1.12,18.9762,1.0755,0.4201,0.0157,0.09,-0.03,None,PLD
35,2010-09-30,168385918,168385918,1,7123726000,None,3424707000,None,3331283000,367736000,223412000,0,3066907000,158696000,10927000,6635000,0.04,0.04,0.28,96088000,-40241000,-50149000,-38103000,176436000,67596000,24.51,26.97,22.05,-0.0009,0.001,18.46,1.32,66.24,0.56,None,0.9868,0.4363,None,0.09,0.17,None,PLD
36,2010-06-30,168280535,168280535,1,7059992000,None,3340682000,None,3351338000,367972000,223412000,0,2994655000,158618000,7191000,2897000,0.02,0.02,0.28,44683000,-148620000,121506000,61150000,214539000,91969000,26.16,29.17,23.14,0.018,0.0105,18.59,1.52,55.66,0.28,0.8797,0.9574,0.44299999999999995,0.084,0.09,-0.28,None,PLD
37,2010-03-31,168169734,168169734,1,6909471000,None,3658376000,None,2899610000,351485000,0,0,3313720000,157952000,-620000,-4447000,-0.03,-0.03,0.0,70065000,-183252000,67380000,-33780000,153389000,53361000,25.7,29.6,21.8,0.0233,0.0137,17.24,1.3,None,0.0,0,1.1428,0.4197,0.1083,0.09,0.1,None,PLD
38,2009-12-31,149203394,149203394,1,6841958000,None,3550638000,None,2940016000,351304000,0,0,3212596000,163408000,-10434000,-7679000,-0.05,-0.05,0.0,34037000,-23043000,646000,12518000,187169000,65112000,24.07,27.43,20.71,-0.0172,-0.0041,19.7,1.2,None,0.0,None,1.0927,0.4297,None,0.09,-0.21,None,PLD
39,2009-09-30,146305850,146305850,1,6873266000,None,3523086000,None,2925043000,425137000,0,0,3172001000,157535000,76464000,62790000,0.43,0.43,0.0,87111000,101800000,-171884000,-11255000,174651000,66436000,20.94,25.96,15.91,-0.0871,-0.0307,19.99,1.07,None,0.0,None,1.0844,0.4256,None,0.09,0.14,None,PLD
40,2009-06-30,146247757,146247757,1,6885248000,None,3593335000,None,2871302000,420611000,0,0,3242286000,147370000,29034000,17162000,0.12,0.12,0.0,59303000,-18873000,-71679000,-77097000,185906000,127982000,17.33,20.75,13.91,-0.103,-0.0371,19.63,0.88,None,0.0,None,1.1292,0.41700000000000004,None,0.09,-0.47,None,PLD
41,2009-03-31,146217022,146217022,1,6912935000,None,3607622000,None,2885060000,420253000,0,0,3232714000,165529000,-123024000,-122350000,-1.24,-1.24,0.0,61825000,15245000,-45632000,39067000,263003000,142819000,17.57,26.03,9.12,-0.0838,-0.0292,19.73,0.69,None,0.0,None,1.1205,0.4173,None,0.1,-0.55,None,PLD
42,2008-12-31,98420207,98420207,1,7301648000,None,4335444000,None,2515107000,451097000,0,0,3990185000,166765000,-197412000,-201362000,-2.06,-2.06,0.0,60989000,-241407000,126795000,-61996000,223936000,262780000,26.45,44.18,8.73,-0.0245,-0.0065,25.55,0.97,11.65,0.0,None,1.5865,0.3445,None,0.09,-2.05,None,PLD
43,2008-09-30,98490006,98490006,1,7317818000,None,4169273000,None,2696287000,452258000,0,0,3758223000,162495000,28151000,24199000,0.25,0.24,0.0,112435000,-243376000,70445000,-53823000,285932000,265812000,48.7,57.13,40.27,0.0845,0.0325,27.38,1.76,17.9,0.0,0,1.3939,0.3685,0.3222,0.09,-1.56,None,PLD
44,2008-06-30,98013537,98013537,1,7926792000,None,4503715000,None,2712595000,710482000,0,0,4119675000,209299000,77019000,73067000,0.75,0.73,0.0,65152000,-145660000,165007000,83135000,339755000,565063000,55.04,60.17,49.91,0.101,0.0388,27.68,2,17.81,0.0,0,1.5187,0.3422,0.3833,0.1,-5.1,None,PLD
45,2008-03-31,97977692,97977692,1,7689254000,None,4308152000,None,2690834000,690268000,0,0,3986174000,176486000,42932000,38980000,0.4,0.39,0.0,62444000,-251325000,219518000,36396000,256620000,122718000,51.84,57.92,45.75,0.1151,0.0461,27.46,1.84,17.69,0.0,0,1.4814,0.3499,0.4612,0.09,-0.62,None,PLD
46,2007-12-31,97897646,97897646,1,7262403000,None,3801040000,None,2763952000,697411000,0,0,3494844000,163928000,97199000,93249000,0.93,0.91,0.0,23608000,-195005000,88623000,-76575000,220224000,178088000,60.57,66.86,54.28,0.1094,0.0448,28.23,2.22,20.74,0.0,0,1.2644,0.3806,0.4413,0.1,-1.58,None,PLD
47,2007-09-30,99035032,99035032,1,7063178000,None,3663830000,None,2701066000,698282000,0,0,3330796000,166304000,73110000,69155000,0.7,0.69,0.0,85355000,-185043000,154139000,72831000,296799000,187141000,54.05,60.0,48.1,0.1121,0.0443,27.27,1.99,21.11,0.0,0,1.2331,0.3824,0.4168,0.1,-1.03,None,PLD
48,2007-06-30,99910837,99910837,1,6759264000,None,3324415000,None,2712085000,722764000,0,0,3045494000,171432000,118269000,111390000,1.13,1.1,0.0,75620000,-90028000,-13710000,-35850000,223968000,19959000,57.18,62.83,51.53,0.1032,0.0378,27.15,2.17,25.3,0.0,0,1.1229,0.4012,0.3488,0.1,0.56,None,PLD
49,2007-03-31,99626463,99626463,1,6976983000,None,3553889000,None,2623368000,799726000,0,0,3266517000,168007000,25682000,21730000,0.24,0.23,0.0,55960000,-162164000,190973000,85055000,259818000,148084000,60.7,65.38,56.02,0.0941,0.0311,26.33,2.55,26.51,0.0,0,1.2452,0.376,0.29,0.1,-0.92,None,PLD
50,2006-12-31,90903378,90903378,1,6713512000,None,3709295000,None,2166657000,837560000,0,0,3437415000,180415000,87755000,83738000,0.94,0.9,0.0,114771000,44284000,-138433000,20426000,174763000,-85856000,58.76,63.02,54.49,0.1028,0.0313,23.83,2.55,19.99,0.0,0,1.5865,0.3227,0.2869,0.1,2.21,None,PLD
51,2006-09-30,89316401,89316401,1,7578361000,None,4280356000,None,2060522000,1237483000,0,0,3982998000,187695000,33387000,29963000,0.34,0.33,0.0,61137000,-281619000,177785000,-48008000,154337000,295499000,54.35,58.65,50.05,0.1342,0.0386,23.07,2.43,18.61,0.0,0,1.933,0.2719,0.3753,0.1,-2.62,None,PLD
52,2006-06-30,88382890,88382890,1,7336366000,None,4128109000,None,1978145000,1230112000,0,0,3873886000,180273000,75353000,72335000,0.83,0.8,0.0,107848000,-334168000,278712000,59877000,202345000,340775000,50.25,54.25,46.26,0.1388,0.039,22.38,2.28,19.55,0.0,0,1.9583,0.2696,0.3781,0.1,-2.64,None,PLD
53,2006-03-31,88001389,88001389,1,7043563000,None,3915544000,None,1939402000,1188617000,0,0,3666395000,181513000,27577000,23384000,0.27,0.26,0.0,52099000,-309057000,165557000,-90413000,142468000,319120000,52.71,56.53,48.89,0.1257,0.035,22.04,2.41,18.63,0.0,0,1.8905,0.2753,0.3339,0.1,-3.03,None,PLD
54,2005-12-31,87561917,87561917,1,6802739000,None,3665305000,None,1916299000,1221135000,0,0,3401561000,156076000,141183000,139144000,1.64,1.55,0.0,101527000,390035000,-386179000,101006000,232881000,-393101000,45.59,50.25,40.92,0.1424,0.0385,21.89,2.26,23.5,0.0,0,1.7751,0.2817,0.3704,0.1,5.65,None,PLD
55,2005-09-30,85455785,85455785,1,6836237000,None,3814311000,None,1723567000,1298359000,0,0,3551886000,175422000,29068000,27285000,0.32,0.31,0.0,112775000,-214345000,96145000,-7087000,131875000,213618000,44.16,46.46,41.85,0.0986,0.0264,20.17,2.21,22.3,0.0,0,2.0608,0.2521,0.2472,0.1,-1.18,None,PLD
56,2005-06-30,85148945,85148945,1,6624371000,None,3648852000,None,1701013000,1274506000,0,0,3405908000,172277000,40789000,39006000,0.47,0.45,0.0,33910000,-163585000,103070000,-28819000,138962000,171747000,40.19,44.0,36.38,0.1017,0.0275,19.98,1.99,23.23,0.0,0,2.0023,0.2568,0.2512,0.11,-1.62,None,PLD
57,2005-03-31,84058181,84058181,1,6555084000,None,3609286000,None,1693855000,1251943000,0,0,3351127000,172374000,46767000,44984000,0.54,0.52,0.0,47603000,-72512000,85108000,58389000,167781000,5647000,38.98,41.45,36.52,0.0895,0.0248,20.15,1.96,28.25,0.0,0,1.9784,0.2584,0.2211,0.11,0.5,None,PLD
58,2004-12-31,83926571,83926571,1,6386943000,None,3519477000,None,1671140000,1196326000,0,0,3257191000,157293000,57934000,56152000,0.68,0.66,0.0,61995000,-57655000,-12339000,-6986000,109392000,115157000,38.6,41.35,35.85,0.0717,0.0208,19.91,1.95,38.99,0.0,0,1.9491,0.2616,0.1778,0.11,-0.63,None,PLD
59,2004-09-30,82943400,82943400,1,6221650000,None,3514340000,None,1639267000,1068043000,0,0,3235990000,176529000,32049000,30266000,0.37,0.35,0.0,108286000,-271037000,161350000,-379000,116378000,244805000,36.0,38.15,33.85,0.051,0.0159,19.76,1.82,40,0.0,0,1.974,0.2635,0.128,0.11,-1.65,None,PLD
60,2004-06-30,82669221,82669221,1,5936611000,None,3271494000,None,1636479000,1028638000,0,0,3014920000,165626000,18906000,17123000,0.21,0.2,0.0,56838000,-253114000,186941000,-6990000,116757000,253424000,32.72,37.3,28.15,0.046,0.0158,19.8,1.64,36.76,0.0,0,1.8423,0.2757,0.1199,0.11,-2.38,None,PLD
61,2004-03-31,82611558,82611558,1,5606446000,None,2962095000,None,1651207000,993144000,0,0,2753481000,166241000,16582000,14799000,0.18,0.17,0.0,67259000,-146625000,73753000,-3931000,123747000,169520000,34.99,37.21,32.77,0.0447,0.0164,19.99,1.73,24.82,0.0,0,1.6676,0.2945,0.1201,0.12,-1.24,None,PLD
62,2003-12-31,81849795,81849795,1,5409559000,None,2761352000,None,1657137000,991070000,0,0,2574257000,147158000,24671000,21718000,0.26,0.27,0.0,97822000,-355858000,255324000,-700000,127678000,328466000,31.72,33.45,29.99,0.0699,0.0254,20.25,1.61,20.2,0.0,0,1.5534,0.3063,0.1898,0.12,-2.82,None,PLD
63,2003-09-30,81746698,81746698,1,5045077000,None,2392770000,None,1614144000,1038163000,0,0,2213212000,150167000,26953000,21812000,0.27,0.26,0.0,48553000,42378000,-31751000,59180000,128378000,-29705000,28.9,30.81,26.99,0.0779,0.0286,19.75,1.37,17.95,0.0,0,1.3711,0.3199,0.2172,0.12,0.96,None,PLD
64,2003-06-30,81669826,81669826,1,4976264000,None,2212085000,None,1722506000,1041673000,0,0,2044464000,154687000,18126000,15931000,0.2,0.19,0.0,48356000,-171687000,56957000,-66374000,68419000,161472000,28.03,29.11,26.95,0.0786,0.0287,21.09,1.35,16.2,0.0,0,1.1869,0.3461,0.2177,0.12,-1.39,None,PLD
65,2003-03-31,80958128,80958128,1,4905322000,None,2317592000,None,1687101000,900629000,0,0,2129542000,163025000,59378000,57255000,0.71,0.69,0.0,76805000,137164000,-168508000,45461000,134793000,-123090000,27.38,28.75,26.0,0.0846,0.031,20.84,1.32,19.99,0.0,0,1.2622,0.3439,0.234,0.13,2.47,None,PLD
66,2002-12-31,80935750,80935750,1,4992494000,None,2417077000,None,1684150000,891267000,0,0,2235361000,133878000,37818000,35695000,0.44,0.43,0.0,76350000,-48421000,-14691000,13238000,89332000,31025000,26.95,28.92,24.99,0.0672,0.0253,20.81,1.28,21.73,0.0,0,1.3273,0.3373,0.1886,0.13,0.56,None,PLD
67,2002-09-30,82645191,82645191,1,4942589000,None,2389215000,None,1738453000,814921000,0,0,2200139000,164980000,27074000,25363000,0.3,0.3,0.0,88379000,-105310000,-16128000,-33059000,76094000,101281000,28.59,30.83,26.35,0.0607,0.0244,21.04,1.37,22.34,0.0,0,1.2656,0.3517,0.1664,0.13,-0.16,None,PLD
68,2002-06-30,83422325,83422325,1,4937280000,None,2366847000,None,1746009000,824424000,0,0,2204218000,157823000,28850000,26725000,0.32,0.31,0.0,75828000,-143394000,89890000,22324000,109153000,154625000,29.23,31.0,27.46,0.0627,0.0255,20.93,1.4,22.48,0.0,0,1.2624,0.3536,0.1755,0.13,-0.94,None,PLD
69,2002-03-31,83705208,83705208,1,4781123000,None,2301001000,None,1748707000,731415000,0,0,2145433000,159162000,30495000,28370000,0.33,0.33,0.0,48244000,-21346000,-13140000,13758000,86829000,18777000,26.43,27.6,25.26,0.063,0.026,20.89,1.27,17.98,0.0,0,1.2269,0.3658,0.1806,0.13,0.35,None,PLD
70,2001-12-31,84063121,84063121,1,4760893000,None,2274265000,None,1752342000,734286000,0,0,2135664000,154528000,32003000,25478000,0.31,0.3,0.0,36614000,-105933000,-101037000,-170356000,73071000,116968000,24.76,26.21,23.3,0.0704,0.0291,20.85,1.17,16.96,0.0,0,1.2187,0.3681,0.2081,0.13,-0.96,None,PLD
71,2001-09-30,83705442,83705442,1,4831624000,None,2205178000,None,1767388000,859058000,0,0,2007801000,155457000,31577000,29452000,0.35,0.34,0.0,86107000,-39381000,61600000,108326000,243427000,67213000,25.0,26.64,23.35,0.0693,0.0283,21.11,1.19,16.56,0.0,0,1.136,0.3658,0.2131,0.12,0.23,None,PLD
72,2001-06-30,85010435,85010435,1,4722165000,None,2112378000,None,1789884000,819903000,0,0,1911347000,146026000,29933000,27808000,0.33,0.33,0.0,89290000,-59481000,6665000,36474000,135101000,104597000,24.33,25.76,22.9,0.071,0.0302,21.05,1.15,16.11,0.0,0,1.0679,0.379,0.2324,0.12,-0.18,None,PLD
73,2001-03-31,84978486,84978486,1,4638144000,None,2040969000,None,1796892000,800283000,0,0,1863054000,144834000,44440000,42315000,0.5,0.5,0.0,76551000,-158357000,160075000,78269000,98627000,93418000,24.63,25.56,23.71,0.0712,0.0318,21.15,1.17,18.24,0.0,0,1.0368,0.3874,0.2473,0.12,-0.2,None,PLD
74,2000-12-31,84222341,84222341,1,4425626000,None,1983318000,None,1767930000,674378000,0,0,1836276000,132534000,25884000,23759000,0.29,0.29,0.0,99529000,-290591000,192616000,1554000,20358000,227506000,24.66,26.06,23.25,0.0638,0.0304,20.99,1.17,15.04,0.0,0,1.0387,0.3995,0.2371,0.12,-1.52,None,PLD
75,2000-09-30,84149059,84149059,1,4103042000,None,1657581000,None,1773011000,672450000,0,0,1513477000,121371000,34846000,32721000,0.39,0.39,0.0,41277000,-153829000,116613000,4061000,18804000,131399000,23.97,24.94,23.0,0.0779,0.0389,21.07,1.13,13.1,0.0,0,0.8536,0.4321,0.3057,0.12,-1.07,None,PLD
76,2000-06-30,84088688,84088688,1,3853021000,None,1514259000,None,1778800000,559962000,0,0,1378091000,113479000,30007000,27882000,0.33,0.33,0.0,75605000,-228779000,141255000,-11919000,14743000,253421000,22.44,23.63,21.25,0.0875,0.0449,21.15,1.06,11.33,0.0,0,0.7747,0.4617,0.3519,0.12,-2.11,None,PLD
77,2000-03-31,83849040,83849040,1,3656627000,None,1390931000,None,1782336000,483360000,0,0,1262211000,110323000,31045000,28920000,0.34,0.34,0.0,44764000,-53300000,1886000,-6650000,26662000,101308000,20.38,21.5,19.25,0.0948,0.0489,21.26,0.95,10.51,0.0,0,0.7082,0.4874,0.3801,0.12,-0.67,None,PLD
78,1999-12-31,85288716,85288716,1,3621550000,None,1359408000,None,1829259000,432883000,0,0,1270037000,111450000,52193000,50068000,0.58,0.58,0.0,4794000,38822000,-75898000,-32282000,33312000,-143854000,19.63,21.13,18.13,0.0934,0.0479,21.45,0.94,14.65,0.0,0,0.6943,0.5051,0.374,0.12,1.74,None,PLD
79,1999-09-30,86576641,86576641,1,3647947000,None,1416931000,None,1802795000,428221000,0,0,1278571000,111784000,52579000,50454000,0.58,0.58,0.0,68734000,125559000,-163602000,30691000,70821000,-124714000,21.5,23.0,20.0,0.0649,0.0338,20.82,1.04,19.91,0.0,0,0.7092,0.4942,0.316,0.1,2.23,None,PLD
80,1999-06-30,86521092,86521092,1,3732544000,None,1539273000,None,1783609000,409662000,0,0,1418587000,115377000,43317000,41192000,0.48,0.48,0.0,52351000,-450000,-40936000,10965000,40130000,1046000,22.03,23.5,20.56,0.0521,None,20.61,1.08,17.62,0.0,0,0.7953,0.4779,0.2656,0.1,0.59,None,PLD
81,1999-03-31,86031121,86031121,1,3696618000,None,1610225000,None,1761533000,324860000,0,0,1486429000,109572000,28014000,25889000,0.3,0.3,0.0,64512000,-100199000,39715000,4028000,29165000,101308000,21.72,22.94,20.5,0.0614,None,20.48,1.06,17.1,0.0,0,0.8438,0.4765,0.2723,0.12,-0.43,None,PLD
82,1998-12-31,86026271,86026271,1,3562885000,None,1472501000,None,1765360000,325024000,0,0,1368196000,28242000,-69000,-2194000,-0.02,-0.02,0.0,39947000,-193216000,145200000,-8069000,25137000,203429000,22.97,25.0,20.94,None,None,20.52,1.12,None,0.0,0,0.775,0.4955,None,None,-1.9,None,PLD
83,1998-09-30,85874513,85874513,1,3327273000,None,1416208000,None,1766676000,144389000,0,0,1306602000,94061000,28872000,27358000,0.32,0.32,0.0,61513000,-204358000,146884000,4039000,33206000,205369000,24.25,25.81,22.69,None,None,20.57,1.25,None,0.0,None,0.7396,0.531,None,None,-1.68,None,PLD
84,1998-06-30,85874513,85874513,1,3033106000,None,1213938000,None,1669417000,149751000,0,0,1129430000,160799000,55884000,55884000,0.65,0.65,0.0,40900000,-199119000,158802000,583000,29167000,131970000,23.69,25.0,22.38,None,None,19.44,1.22,None,0.0,None,0.6765,0.5504,None,None,-1.06,None,PLD
85,1998-03-31,85874513,85874513,1,2798190000,None,1003722000,None,1670705000,123763000,0,0,922111000,75785000,27906000,27906000,0.32,0.32,0.0,34820000,-199520000,153316000,-11384000,28584000,161449000,24.16,24.94,23.38,None,None,19.46,None,None,0.0,None,0.5519,0.5971,None,None,-1.47,None,PLD
