,Quarter end,Shares,Shares split adjusted,Split factor,Assets,Current Assets,Liabilities,Current Liabilities,Shareholders equity,Non-controlling interest,Preferred equity,Goodwill & intangibles,Long-term debt,Revenue,Earnings,Earnings available for common stockholders,EPS basic,EPS diluted,Dividend per share,Cash from operating activities,Cash from investing activities,Cash from financing activities,Cash change during period,Cash at end of period,Capital expenditures,Price,Price high,Price low,ROE,ROA,Book value of equity per share,P/B ratio,P/E ratio,Cumulative dividends per share,Dividend payout ratio,Long-term debt to equity ratio,Equity to assets ratio,Net margin,Asset turnover,Free cash flow per share,Current ratio,ticker
0,2010-12-31,1765304139,1765304139,1,17220000000,2222000000,18875000000,3871000000,-1655000000,0,0,947000000,10858000000,2899000000,-161000000,-161000000,-0.09,-0.09,0.08,803000000,-398000000,-2000000000,-1595000000,372000000,398000000,6.99,7.73,6.24,None,-0.003,-0.94,None,58.25,4.35,None,None,None,None,0.63,0.23,0.574,Q
1,2010-09-30,1742716118,1742716118,1,18959000000,4085000000,20384000000,5248000000,-1425000000,0,0,923000000,10788000000,2935000000,-90000000,-89000000,-0.05,-0.05,0.08,923000000,289000000,-363000000,849000000,1967000000,373000000,5.77,6.37,5.16,None,0.011,-0.82,None,23.08,4.27,2.6097,None,None,0.018,0.61,0.32,0.7784,Q
2,2010-06-30,1739265497,1739265497,1,18959000000,3880000000,20200000000,4304000000,-1241000000,0,0,917000000,11529000000,2930000000,158000000,156000000,0.09,0.09,0.08,919000000,-336000000,-661000000,-78000000,1118000000,330000000,5.2,5.53,4.87,None,0.0223,-0.71,None,18.57,4.19,1.2662,None,None,0.0367,0.61,0.34,0.9015,Q
3,2010-03-31,1736229071,1736229071,1,19362000000,4005000000,20482000000,4590000000,-1120000000,0,0,912000000,11500000000,2966000000,38000000,38000000,0.02,0.02,0.08,722000000,-1043000000,-889000000,-1210000000,1196000000,387000000,4.75,5.38,4.11,None,0.0246,-0.65,None,12.5,4.11,1.1201,None,None,0.0408,0.6,0.19,0.8725,Q
4,2009-12-31,1730195688,1730195688,1,20380000000,4614000000,21558000000,5097000000,-1178000000,0,0,911000000,12004000000,2994000000,108000000,108000000,0.06,0.06,0.08,876000000,-390000000,-154000000,332000000,2406000000,382000000,3.92,4.43,3.42,None,0.0329,-0.68,None,9.33,4.03,0.8339,None,None,0.0538,0.61,0.29,0.9052,Q
5,2009-09-30,1726624162,1726624162,1,20225000000,4347000000,21256000000,3581000000,-1031000000,0,0,888000000,13210000000,3054000000,136000000,136000000,0.08,0.08,0.08,769000000,-332000000,-159000000,278000000,2074000000,341000000,3.73,4.17,3.3,None,0.0368,-0.6,None,8.67,3.95,0.7447,None,None,0.0585,0.63,0.25,1.2139,Q
6,2009-06-30,1723796075,1723796075,1,20226000000,4048000000,21277000000,3788000000,-1051000000,0,0,885000000,13038000000,3090000000,212000000,212000000,0.12,0.12,0.08,1005000000,-348000000,598000000,1255000000,1796000000,348000000,4.12,4.87,3.36,None,0.0371,-0.61,None,9.81,3.87,0.7275,None,None,0.0582,0.64,0.38,1.0686,Q
7,2009-03-31,1720192626,1720192626,1,19711000000,2867000000,20875000000,3211000000,-1164000000,0,0,0,12755000000,3173000000,206000000,206000000,0.12,0.12,0.08,657000000,-336000000,-345000000,-24000000,541000000,334000000,3.45,4.04,2.86,None,0.0352,-0.68,None,8.85,3.79,0.7516,None,None,0.0551,0.64,0.19,0.8929,Q
8,2008-12-31,1708816425,1708816425,1,20182000000,2970000000,21631000000,3853000000,-1449000000,0,0,0,12839000000,3315000000,185000000,185000000,0.1,0.1,0.08,908000000,-350000000,-579000000,-21000000,565000000,346000000,2.85,3.66,2.05,None,0.0319,-0.85,14.25,5.94,3.71,0.8091,None,None,0.0505,0.63,0.33,0.7708,Q
9,2008-09-30,1703427297,1703427297,1,21239000000,2966000000,20893000000,4177000000,346000000,0,0,0,12815000000,3379000000,151000000,151000000,0.09,0.09,0.08,726000000,-442000000,-453000000,-169000000,586000000,466000000,3.65,4.15,3.15,None,0.0394,0.2,12.59,2.48,3.63,0.4806,37.0376,0.0163,0.0634,0.62,0.15,0.7101,Q
10,2008-06-30,1725944940,1725944940,1,21894000000,3258000000,21391000000,3933000000,503000000,0,0,0,13370000000,3382000000,188000000,188000000,0.11,0.11,0.08,909000000,-521000000,-267000000,121000000,755000000,534000000,4.67,5.55,3.78,None,0.1247,0.29,15.57,3.13,3.55,0.1001,26.5805,0.023,0.2034,0.61,0.22,0.8284,Q
11,2008-03-31,1748893340,1748893340,1,21944000000,3168000000,21414000000,3924000000,530000000,0,0,0,13402000000,3399000000,157000000,157000000,0.09,0.09,0.08,388000000,-380000000,-276000000,-268000000,634000000,416000000,5.76,7.07,4.44,None,0.1294,0.3,18,3.79,3.47,0.0494,25.2868,0.0242,0.2064,0.63,-0.02,0.8073,Q
12,2007-12-31,1767268594,1767268594,1,22532000000,3573000000,21969000000,4209000000,563000000,0,0,0,13650000000,3435000000,366000000,366000000,0.2,0.19,0.0,900000000,-578000000,-539000000,-217000000,902000000,489000000,7.91,9.58,6.23,None,0.1352,0.32,49.44,5.53,3.39,0,24.2451,0.025,0.2117,0.64,0.23,0.8489,Q
13,2007-09-30,1804853402,1804853402,1,22711000000,3769000000,22420000000,5255000000,291000000,0,0,0,12779000000,3434000000,2065000000,2065000000,1.14,1.08,0.0,753000000,-295000000,-208000000,250000000,1119000000,420000000,9.01,9.96,8.05,None,0.1291,0.16,None,20.48,3.39,0,43.9141,0.0128,0.1985,0.65,0.18,0.7172,Q
14,2007-06-30,1827863021,1827863021,1,20389000000,3087000000,21945000000,4350000000,-1556000000,0,0,0,13207000000,3463000000,246000000,246000000,0.13,0.13,0.0,1105000000,-420000000,-703000000,-18000000,869000000,426000000,9.56,10.45,8.68,None,0.0419,-0.85,None,25.84,3.39,0,None,None,0.063,0.67,0.37,0.7097,Q
15,2007-03-31,1849193419,1849193419,1,20701000000,3194000000,22235000000,4634000000,-1534000000,0,0,0,13199000000,3446000000,240000000,240000000,0.13,0.12,0.0,268000000,-308000000,-314000000,-354000000,887000000,318000000,8.52,9.16,7.87,None,0.0353,-0.83,None,28.4,3.39,0,None,None,0.0536,0.66,-0.03,0.6893,Q
16,2006-12-31,1867305716,1867305716,1,21239000000,3654000000,22684000000,5160000000,-1445000000,0,0,0,13206000000,3488000000,194000000,194000000,0.1,0.1,0.0,860000000,-319000000,-262000000,279000000,1241000000,296000000,8.22,9.03,7.41,None,0.028,-0.77,None,None,3.39,0,None,None,0.0426,0.66,0.3,0.7081,Q
17,2006-09-30,1914377278,1914377278,1,21114000000,3575000000,23690000000,5144000000,-2576000000,0,0,0,13228000000,3487000000,194000000,194000000,0.1,0.09,0.0,752000000,-492000000,-487000000,-227000000,962000000,378000000,8.34,9.22,7.46,None,-0.0061,-1.35,None,None,3.39,None,None,None,None,0.65,0.2,0.695,Q
18,2006-06-30,1905231777,1905231777,1,21292000000,3553000000,24118000000,6095000000,-2826000000,0,0,0,12693000000,3472000000,117000000,117000000,0.06,0.06,0.0,1037000000,-497000000,39000000,579000000,1189000000,421000000,7.11,8.09,6.12,None,-0.0213,-1.48,None,None,3.39,None,None,None,None,0.64,0.32,0.5829,Q
19,2006-03-31,1885989398,1885989398,1,21126000000,3024000000,24186000000,3947000000,-3060000000,0,0,0,14834000000,3476000000,88000000,88000000,0.05,0.05,0.0,140000000,-392000000,16000000,-236000000,610000000,364000000,6.29,7.48,5.1,None,-0.0331,-1.62,None,None,3.39,None,None,None,None,0.62,-0.12,0.7662,Q
20,2005-12-31,1868988842,1868988842,1,21497000000,3164000000,24714000000,4235000000,-3217000000,0,0,0,14968000000,3480000000,-528000000,-528000000,-0.28,-0.28,0.0,725000000,-17000000,-2173000000,-1465000000,846000000,501000000,4.94,5.95,3.92,None,-0.0334,-1.72,None,None,3.39,None,None,None,None,0.6,0.12,0.7471,Q
21,2005-09-30,1859995238,1859995238,1,23727000000,5054000000,26443000000,4232000000,-2716000000,0,0,0,16702000000,3504000000,-144000000,-144000000,-0.08,-0.08,0.0,675000000,-386000000,-223000000,66000000,2311000000,445000000,3.91,4.23,3.58,None,-0.0162,-1.46,None,None,3.39,None,None,None,None,0.58,0.12,1.1942,Q
22,2005-06-30,1837409794,1837409794,1,24070000000,4898000000,26733000000,3650000000,-2663000000,0,0,0,17287000000,3470000000,-164000000,-164000000,-0.09,-0.09,0.0,570000000,30000000,239000000,839000000,2245000000,352000000,3.62,3.94,3.3,None,-0.0335,-1.45,None,None,3.39,None,None,None,None,0.57,0.12,1.3419,Q
23,2005-03-31,1817555372,1817555372,1,24129000000,4528000000,26693000000,4059000000,-2564000000,0,0,0,16691000000,3449000000,57000000,57000000,0.03,0.03,0.0,343000000,-86000000,-2000000,255000000,1406000000,-105000000,4.18,4.86,3.5,None,-0.058,-1.41,None,None,3.39,None,None,None,None,0.56,0.25,1.1155,Q
24,2004-12-31,1816625816,1816625816,1,24324000000,4218000000,26936000000,4286000000,-2612000000,0,0,0,16690000000,3437000000,-139000000,-139000000,-0.09,-0.09,0.0,239000000,-337000000,59000000,-39000000,1770000000,339000000,3.93,4.61,3.25,None,-0.0717,-1.44,None,None,3.39,None,None,None,None,0.55,-0.06,0.9841,Q
25,2004-09-30,1815907850,1815907850,1,24926000000,4246000000,27403000000,4755000000,-2477000000,0,0,1216000000,16545000000,3449000000,-569000000,-569000000,-0.31,-0.31,0.0,765000000,-342000000,-65000000,358000000,1809000000,403000000,3.28,4.0,2.56,None,-0.0809,-1.36,None,14.91,3.39,None,None,None,None,0.54,0.2,0.893,Q
26,2004-06-30,1815083069,1815083069,1,25106000000,4086000000,27015000000,4641000000,-1909000000,0,0,1346000000,16407000000,3442000000,-776000000,-776000000,-0.43,-0.43,0.0,284000000,-540000000,-173000000,-429000000,1451000000,486000000,3.96,4.4,3.51,None,0.0126,-1.05,None,6.49,3.39,0,None,None,0.0242,0.52,-0.11,0.8804,Q
27,2004-03-31,1784346140,1784346140,1,25679000000,4264000000,26930000000,4553000000,-1251000000,0,0,1532000000,16544000000,3481000000,-310000000,-310000000,-0.17,-0.17,0.0,560000000,-457000000,21000000,124000000,1880000000,455000000,4.25,5.0,3.5,None,0.0376,-0.7,None,4.89,3.39,0,None,None,0.0742,0.51,0.06,0.9365,Q
28,2003-12-31,1771801427,1771801427,1,26216000000,4416000000,27232000000,5548000000,-1016000000,0,0,1549000000,15639000000,3498000000,-407000000,-407000000,-0.23,-0.23,0.0,297000000,-868000000,-3762000000,-4333000000,1756000000,615000000,3.81,4.35,3.28,None,0.0525,-0.57,None,None,3.39,0,None,None,0.1058,0.5,-0.18,0.796,Q
29,2003-09-30,1766172618,1766172618,1,30462000000,8498000000,31096000000,5288000000,-634000000,0,0,1536000000,20242000000,3570000000,1831000000,1831000000,1.05,1.05,0.0,603000000,-516000000,-1106000000,-962000000,6089000000,532000000,4.29,5.19,3.38,None,-0.619,-0.36,None,None,3.39,None,None,None,None,0.48,0.04,1.607,Q
30,2003-06-30,1768301330,1768301330,1,29224000000,6473000000,31793000000,5059000000,-2569000000,0,0,1585000000,21335000000,3596000000,-64000000,-64000000,-0.04,-0.04,0.0,438000000,-520000000,190000000,193000000,2761000000,505000000,4.34,5.28,3.4,None,None,-1.45,None,None,3.39,None,None,None,None,None,-0.04,1.2795,Q
31,2003-03-31,1768301330,1768301330,1,29210000000,6276000000,31793000000,6676000000,-2583000000,0,0,1585000000,19650000000,3624000000,152000000,152000000,0.09,0.09,0.0,837000000,-436000000,-178000000,315000000,2568000000,429000000,4.58,6.15,3.01,None,None,-1.46,None,None,3.39,None,None,None,None,None,0.23,0.9401,Q
32,2002-12-31,1761634561,1761634561,1,29345000000,6420000000,32175000000,6895000000,-2830000000,0,0,1612000000,19754000000,3333000000,-20217000000,-20217000000,-11.92,-11.92,0.0,None,None,None,None,2253000000,0,3.82,5.69,1.95,None,None,-1.61,None,None,3.39,None,None,None,None,None,None,0.9311,Q
33,2002-09-30,1710000000,1710000000,1,None,None,None,None,None,0,0,0,0,3772000000,-123000000,-123000000,-0.07,-0.07,0.0,None,None,None,None,None,0,2.35,3.6,1.11,None,None,None,None,None,3.39,None,None,None,None,None,None,None,Q
34,2002-06-30,1710000000,1710000000,1,None,None,None,None,None,0,0,0,0,3911000000,-17430000000,-17430000000,-10.39,-10.39,0.0,None,None,None,None,None,0,4.89,8.0,1.79,None,None,None,None,None,3.39,None,None,None,None,None,None,None,Q
35,2002-03-31,1676906200,1676906200,1,74262000000,6623000000,38293000000,9895000000,35969000000,0,0,34529000000,21427000000,4369000000,-698000000,-698000000,-0.42,-0.42,0.0,727000000,-1207000000,1601000000,1121000000,1378000000,1196000000,2.35,3.6,1.11,-0.1271,-0.063,21.45,0.11,None,3.39,None,0.5957,0.4844,None,0.26,-0.28,0.6693,Q
36,2001-12-31,1674855973,1674855973,1,73781000000,5757000000,37126000000,9989000000,36655000000,0,0,34523000000,20197000000,4656000000,-529000000,-529000000,-0.31,-0.31,0.45,678000000,-798000000,-48000000,-168000000,257000000,752000000,4.89,8.0,1.79,-0.106,-0.054,21.89,0.22,None,3.39,None,0.551,0.4968,None,0.26,-0.04,0.5763,Q
37,2001-09-30,1664945725,1664945725,1,74700000000,6052000000,37502000000,9685000000,37198000000,0,0,34791000000,20436000000,4766000000,-142000000,-142000000,-0.09,-0.09,0.0,1049000000,-2357000000,1217000000,-91000000,425000000,2232000000,11.1,14.93,7.27,-0.0823,-0.0432,22.34,0.5,None,2.94,None,0.5494,0.498,None,0.3,-0.71,0.6249,Q
38,2001-06-30,1663721480,1663721480,1,73906000000,6417000000,36620000000,11940000000,37286000000,0,0,34688000000,17575000000,5222000000,-3306000000,-3306000000,-1.99,-1.99,0.05,974000000,-2446000000,1682000000,210000000,516000000,2616000000,15.2,18.9,11.51,-0.0828,-0.045,22.41,0.62,None,2.94,None,0.4714,0.5045,None,0.3,-0.99,0.5374,Q
39,2001-03-31,1661255368,1661255368,1,75774000000,5766000000,35118000000,10354000000,40656000000,0,0,32224000000,17676000000,5051000000,-46000000,-46000000,-0.03,-0.03,0.0,1333000000,-3022000000,1841000000,152000000,306000000,2943000000,23.82,31.15,16.5,-0.0034,-0.0019,24.47,0.95,None,2.89,None,0.4348,0.5365,None,0.28,-0.97,0.5569,Q
40,2000-12-31,1649490762,1649490762,1,73501000000,5376000000,32197000000,9893000000,41304000000,0,0,32327000000,15421000000,7178200000,275400000,275400000,0.17,0.17,0.0,877000000,-1739000000,599000000,-263000000,154000000,1591000000,41.91,51.44,32.38,-0.0025,-0.0014,25.04,1.68,127,2.89,None,0.3734,0.562,None,0.29,-0.43,0.5434,Q
41,2000-09-30,1656097575,1656097575,1,72088000000,5746000000,30796000000,9100000000,41292000000,0,0,39748000000,15560000000,4765000000,-248000000,-248000000,-0.15,-0.15,0.0,1005000000,-1694000000,206000000,-483000000,417000000,2304000000,50.69,57.88,43.5,0.0033,0.002,24.93,2.03,107.85,2.89,9.9596,0.3768,0.5728,0.0076,0.26,-0.78,0.6314,Q
42,2000-06-30,1660818053,1660818053,1,69848000000,5804000000,28458000000,9711000000,41390000000,0,0,29016000000,13429000000,3450000000,-121000000,-121000000,-0.14,-0.14,0.0,1776100000,-435800000,-209700000,1130600000,900000000,1791400000,78.5,91.0,66.0,0.0211,0.0127,24.92,8.37,124.6,2.89,3.6809,0.3245,0.5926,0.0478,0.27,-0.01,0.5977,Q
43,2000-03-31,754500000,754500000,1,11975200000,1756300000,4851000000,1963500000,7075000000,49200000,0,3263000000,2390700000,1216800000,12600000,12600000,0.02,0.02,0.535,22900000,-925200000,593700000,-308600000,40600000,910600000,72.06,79.0,65.13,0.0691,0.0432,9.38,7.75,117.17,2.89,3.7791,0.3379,0.5908,0.1093,0.4,-1.18,0.8945,Q
44,1999-12-31,753000000,753000000,1,11058100000,1785200000,4001600000,1238400000,7001300000,55200000,0,3290100000,2368300000,1157400000,437000000,437000000,0.59,0.6,0.53,171900000,-714800000,32200000,-510700000,349200000,712900000,65.0,73.0,57.0,0.0754,0.0468,9.3,7.53,None,2.35,3.7845,0.3383,0.6331,0.1167,0.4,-0.72,1.4415,Q
45,1999-09-30,748000000,748000000,1,10147200000,1908900000,3634200000,955500000,6456900000,56100000,0,3282000000,2352000000,1018100000,-1800000,-1800000,-0.01,-0.01,0.535,-100800000,-509800000,33100000,-577500000,859900000,423000000,56.0,60.25,51.75,-0,-0,8.63,6.46,None,1.82,None,0.3643,0.6363,None,0.4,-0.7,1.9978,Q
46,1999-06-30,745700000,745700000,1,9999700000,2341100000,3477000000,943400000,6464200000,58500000,0,3308700000,2336200000,873700000,18500000,18500000,0.03,0.02,0.75,-29700000,-598300000,1946400000,1318400000,1437400000,464500000,56.91,62.25,51.56,-0.0011,-0.0006,8.67,9.11,None,1.29,None,0.3614,0.6464,None,0.42,-0.66,2.4816,Q
47,1999-03-31,352000000,704000000,2,8009200000,1096800000,3608300000,1005300000,4400900000,0,0,3394900000,2319900000,878400000,4800000,4800000,0.01,0.01,1.07,-79600000,-315100000,50900000,-343800000,119000000,299800000,59.47,65.63,53.31,-0.2073,-0.113,6.25,9.83,None,0.54,None,0.5271,0.5495,None,0.4,-0.54,1.091,Q
48,1998-12-31,350000000,700000000,2,8067600000,1439100000,3829400000,1237500000,4238200000,0,0,3973100000,2307100000,865153000,-21551000,-21551000,-0.06,-0.06,0.0,-61800000,-660400000,959600000,237400000,462800000,662200000,19.52,25.66,13.38,-0.2797,-0.1453,6.05,3.49,None,0.0,None,0.5444,0.5253,None,0.39,-1.03,1.1629,Q
49,1998-09-30,335600000,671200000,2,6834000000,1130300000,3082000000,1179800000,3752000000,0,0,3203700000,1387100000,806800000,-6900000,-6900000,-0.02,-0.02,0.0,5500000,-342600000,196500000,-140600000,225400000,337600000,17.38,23.75,11.0,None,None,5.59,3.14,None,0.0,None,0.3697,0.549,None,None,-0.49,0.958,Q
50,1998-06-30,331100000,662200000,2,6548800000,1043400000,2877600000,1027700000,3671200000,0,0,3315200000,1365300000,393700000,-808900000,-808900000,-3.34,-3.34,0.0,47260000,-294156000,39719000,-207177000,366000000,274002000,16.98,20.03,13.94,None,None,5.54,17.33,None,0.0,None,0.3719,0.5606,None,None,-0.34,1.0153,Q
51,1998-03-31,207692503,415385006,2,1779568000,912324000,1372406000,343471000,407162000,0,0,0,959270000,177047000,-6649000,-6649000,-0.03,-0.03,0.0,53540000,-141644000,281481000,193377000,573161000,139398000,17.67,20.53,14.81,None,None,0.98,19.21,None,0.0,None,2.356,0.2288,None,None,-0.21,2.6562,Q
52,1997-12-31,206677742,413355484,2,1398105000,723942000,1016361000,315422000,381744000,0,0,0,630463000,None,None,None,None,None,0.0,23584000,-160520000,329989000,193053000,379784000,122120000,14.34,17.22,11.47,None,None,0.92,16.11,None,0.0,None,1.6515,0.273,None,None,-0.24,2.2952,Q
53,1997-09-30,103320766,413283064,4,908478000,438435000,539627000,217374000,368851000,0,0,0,268946000,188955000,12651000,12651000,0.12,None,0.0,-60967000,-75949000,9280000,-127636000,186731000,22511000,10.04,13.25,6.82,None,None,0.89,12.87,None,0.0,None,0.7291,0.406,None,None,-0.2,2.017,Q
54,1997-06-30,103320766,413283064,4,790091000,449759000,468828000,155745000,321263000,0,0,0,250988000,228673000,-5612000,-5612000,-0.06,None,0.0,None,None,None,None,314367000,0,7.06,7.53,6.59,None,None,0.78,None,None,0.0,None,0.7813,0.4066,None,None,None,2.8878,Q
