,Quarter end,Shares,Shares split adjusted,Split factor,Assets,Current Assets,Liabilities,Current Liabilities,Shareholders equity,Non-controlling interest,Preferred equity,Goodwill & intangibles,Long-term debt,Revenue,Earnings,Earnings available for common stockholders,EPS basic,EPS diluted,Dividend per share,Cash from operating activities,Cash from investing activities,Cash from financing activities,Cash change during period,Cash at end of period,Capital expenditures,Price,Price high,Price low,ROE,ROA,Book value of equity per share,P/B ratio,P/E ratio,Cumulative dividends per share,Dividend payout ratio,Long-term debt to equity ratio,Equity to assets ratio,Net margin,Asset turnover,Free cash flow per share,Current ratio,ticker
0,2008-06-30,1705359302,1705359302,1.0,309731000000,None,283645000000,None,22172000000,3914000000,3392000000,7284000000,0,2857000000,-3328000000,-6689000000,-6.58,-6.58,0.01,3033000000,776000000,-6663000000,-2854000000,7235000000,-18000000,None,None,None,-0.5313,-0.0191,11.01,None,None,14.26,None,0,0.0606,None,0.04,1.79,None,WAMU
1,2008-03-31,1058827858,1058827858,1.0,319668000000,None,297219000000,None,18535000000,3914000000,3392000000,7283000000,0,3744000000,-1138000000,-1203000000,-1.4,-1.4,0.15,3333000000,3642000000,-6446000000,529000000,10089000000,48000000,None,None,None,-0.1113,-0.0062,14.3,None,None,14.25,None,0,0.0474,None,0.04,3.1,None,WAMU
2,2007-12-31,882557330,882557330,1.0,327913000000,None,303329000000,None,20665000000,3919000000,3392000000,7287000000,0,3412000000,-1867000000,-1875000000,-2.2,-2.2,0.56,5130000000,-6045000000,-895000000,-1810000000,9560000000,132000000,24.57,36.07,13.07,-0.0048,-0.0002,19.57,1.02,7.98,14.1,None,0,0.0527,None,0.04,5.66,None,WAMU
3,2007-09-30,868722736,868722736,1.0,330110000000,None,306169000000,None,20996000000,2945000000,0,9062000000,0,3393000000,186000000,178000000,0.21,0.2,0.56,-1188000000,-9432000000,17823000000,7203000000,11370000000,66000000,38.13,43.68,32.57,0.1275,0.0087,24.17,1.56,10.45,13.54,0.6759,0,0.0636,0.1981,0.04,-1.44,None,WAMU
4,2007-06-30,870584006,870584006,1.0,312219000000,None,288009000000,None,21265000000,2945000000,0,9056000000,0,3792000000,830000000,822000000,0.95,0.92,0.55,3455000000,3060000000,-6395000000,120000000,4167000000,79000000,41.64,44.41,38.87,0.1474,0.0103,24.43,1.67,11.83,12.98,0.5642,0,0.0681,0.2359,0.04,3.88,None,WAMU
5,2007-03-31,888408367,888408367,1.0,319985000000,None,295407000000,None,22125000000,2453000000,0,9052000000,0,3622000000,784000000,777000000,0.89,0.86,0.54,300000000,24645000000,-27846000000,-2901000000,4047000000,44000000,42.67,45.56,39.79,0.1406,0.0098,24.9,1.55,11.72,12.43,0.5773,0,0.0691,0.2346,0.04,0.29,None,WAMU
6,2006-12-31,889034725,889034725,1.0,346288000000,None,319319000000,None,24521000000,2448000000,0,9050000000,0,3501000000,1058000000,1058000000,1.13,1.1,0.53,-8054000000,16457000000,-8104000000,299000000,6948000000,127000000,44.24,46.29,42.19,0.1462,0.0102,27.58,1.71,13.01,11.89,0.5437,0,0.0708,0.2454,0.04,-9.2,None,WAMU
7,2006-09-30,945221245,945221245,1.0,348877000000,None,322419000000,None,24499000000,1959000000,0,8368000000,0,3517000000,748000000,748000000,0.79,0.77,0.52,2212000000,1495000000,-3733000000,-26000000,6649000000,131000000,43.95,46.42,41.47,0.134,0.0097,25.92,1.75,12.38,11.36,0.5793,0,0.0702,0.2268,0.04,2.2,None,WAMU
8,2006-06-30,963488129,963488129,1.0,350884000000,None,324753000000,None,24172000000,1959000000,0,8339000000,0,3638000000,767000000,767000000,0.81,0.79,0.51,4369000000,-4704000000,1142000000,807000000,6675000000,42000000,44.5,46.48,42.53,0.1395,0.01,25.09,1.77,11.99,10.84,0.5618,0,0.0689,0.2353,0.04,4.49,None,WAMU
9,2006-03-31,960750311,960750311,1.0,348667000000,None,322511000000,None,24183000000,1973000000,0,8298000000,0,3842000000,985000000,985000000,1.01,0.98,0.5,8742000000,-13080000000,3992000000,-346000000,5868000000,141000000,43.7,45.51,41.89,0.1453,0.0104,25.17,1.57,11.68,10.33,0.5273,0,0.0694,0.2481,0.04,8.95,None,WAMU
10,2005-12-31,992254791,992254791,1.0,343839000000,None,316223000000,None,27616000000,0,0,8298000000,0,3843000000,865000000,865000000,0.88,0.86,0.49,10498000000,-1356000000,-7852000000,1290000000,6214000000,209000000,40.73,44.54,36.92,0.1455,0.0104,27.83,1.78,11.16,9.83,0.5177,0,0.0803,0.2519,0.04,10.37,None,WAMU
11,2005-09-30,986709911,986709911,1.0,333622000000,None,311026000000,None,22596000000,0,0,6196000000,0,3290000000,821000000,821000000,0.95,0.92,0.48,-2276000000,-6219000000,8805000000,310000000,4924000000,156000000,41.41,43.6,39.22,0.1471,0.0101,22.9,1.63,11.87,9.34,0.5212,0,0.0677,0.2518,0.04,-2.46,None,WAMU
12,2005-06-30,879501645,879501645,1.0,323533000000,None,301183000000,None,22350000000,0,0,6196000000,0,3193000000,844000000,844000000,0.98,0.95,0.47,-3447000000,-1686000000,4936000000,-197000000,4614000000,183000000,40.25,42.73,37.78,0.1434,0.01,25.41,1.62,13.03,8.86,0.5171,0,0.0691,0.2458,0.04,-4.13,None,WAMU
13,2005-03-31,877243302,877243302,1.0,319696000000,None,297929000000,None,21767000000,0,0,6196000000,0,3298000000,902000000,902000000,1.04,1.01,0.46,-3010000000,-5357000000,8723000000,356000000,4811000000,59000000,40.75,42.55,38.96,0.1299,0.0091,24.81,1.69,12.5,8.39,0.5703,0,0.0681,0.2267,0.04,-3.5,None,WAMU
14,2004-12-31,879248564,879248564,1.0,307918000000,None,286692000000,None,21226000000,0,0,6196000000,0,3067000000,668000000,668000000,0.78,0.77,0.45,-10736000000,-7632000000,18134000000,-234000000,4455000000,101000000,40.09,42.32,37.85,0.139,0.01,24.14,1.68,11.72,7.93,0.5284,0,0.0689,0.2454,0.04,-12.33,None,WAMU
15,2004-09-30,873079411,873079411,1.0,288828000000,None,268008000000,None,20820000000,0,0,6196000000,0,3004000000,674000000,674000000,0.78,0.76,0.44,-2268000000,-7576000000,9400000000,-444000000,4689000000,121000000,38.91,40.19,37.63,0.1497,0.0108,23.85,1.67,10.32,7.48,0.4866,0,0.0721,0.2656,0.04,-2.74,None,WAMU
16,2004-06-30,872552275,872552275,1.0,278544000000,None,258175000000,None,20369000000,0,0,6196000000,0,2688000000,489000000,489000000,0.57,0.55,0.43,3733000000,-2830000000,-1815000000,-912000000,5133000000,149000000,41.36,44.25,38.47,0.1677,0.0121,23.34,1.77,9.57,7.04,0.4293,0,0.0731,0.2814,0.04,4.11,None,WAMU
17,2004-03-31,870898848,870898848,1.0,280768000000,None,260385000000,None,20383000000,0,0,6196000000,0,2969000000,1047000000,1047000000,1.21,1.18,0.42,-10425000000,2046000000,7406000000,-973000000,6045000000,214000000,42.45,45.28,39.61,0.1923,0.0139,23.4,1.87,10.08,6.61,0.3462,0,0.0726,0.3013,0.05,-12.22,None,WAMU
18,2003-12-31,868397759,868397759,1.0,275178000000,None,255436000000,None,19742000000,0,0,6196000000,0,2800000000,834000000,834000000,0.94,0.93,0.41,14005000000,-14287000000,1613000000,1331000000,7018000000,304000000,42.56,46.55,38.57,0.1894,0.0138,22.73,1.87,9.83,6.19,0.3254,0,0.0717,0.2879,0.05,15.78,None,WAMU
19,2003-09-30,899338464,899338464,1.0,286631000000,None,266190000000,None,20441000000,0,0,6253000000,0,3602000000,1023000000,1023000000,1.14,1.11,0.4,4292000000,1657000000,-7526000000,-1577000000,5811000000,266000000,39.84,42.75,36.92,0.1959,0.0145,22.73,1.75,9.42,5.78,0.2901,0,0.0713,0.288,0.05,4.48,None,WAMU
20,2003-06-30,923252415,923252415,1.0,283203000000,None,262142000000,None,21061000000,0,0,6253000000,0,3654000000,1020000000,1020000000,1.12,1.1,0.3,3883000000,-5179000000,2389000000,1093000000,7388000000,210000000,39.79,43.9,35.68,0.1942,0.0146,22.81,1.79,9.61,5.38,0.2674,0,0.0744,0.2909,0.05,3.98,None,WAMU
21,2003-03-31,930486541,930486541,1.0,276970000000,None,256283000000,None,20687000000,0,0,6253000000,0,3423000000,1003000000,1003000000,1.09,1.07,0.29,-9676000000,-1077000000,9840000000,-913000000,6295000000,273000000,34.79,36.6,32.98,0.1959,0.0148,22.23,1.62,8.59,5.08,0.2635,0,0.0747,0.2956,0.05,-10.69,None,WAMU
22,2002-12-31,939456466,939456466,1.0,268298000000,None,248164000000,None,20134000000,0,0,6270000000,0,3321000000,986000000,986000000,1.06,1.05,0.28,-2601000000,60000000,4627000000,2086000000,7208000000,360000000,32.53,36.65,28.41,0.1995,0.0146,21.43,1.53,8.19,4.79,0.2605,0,0.075,0.2963,0.05,-3.15,None,WAMU
23,2002-09-30,945677148,945677148,1.0,262605000000,None,242444000000,None,20161000000,0,0,6059000000,0,3299000000,976000000,975000000,1.03,1.01,0.27,-5483000000,10364000000,-4468000000,413000000,5122000000,365000000,34.74,38.5,30.98,0.2083,0.0144,21.32,1.72,8.91,4.51,0.2626,0,0.0768,0.3078,0.05,-6.18,None,WAMU
24,2002-06-30,967399424,967399424,1.0,261281000000,None,241593000000,None,19586000000,102000000,0,6027000000,0,3308000000,984000000,982000000,1.03,1.01,0.26,-2655000000,18616000000,-16823000000,-862000000,4709000000,181000000,36.23,39.45,33,0.2172,0.0144,20.25,1.95,9.53,4.24,0.2582,0,0.075,0.3151,0.05,-2.93,None,WAMU
25,2002-03-31,974256098,974256098,1.0,275223000000,None,256993000000,None,18128000000,102000000,0,5970000000,0,3203000000,950000000,948000000,1.0,0.98,0.25,10770000000,-12260000000,3498000000,2008000000,8052000000,126000000,33.5,35.39,31.6,0.2272,0.0141,18.61,2.31,9.34,3.98,0.2552,0,0.0659,0.3223,0.04,10.93,None,WAMU
26,2001-12-31,971374311,971374311,1.0,242506000000,None,228341000000,None,14063000000,102000000,0,2330000000,0,2362000000,843000000,841000000,0.97,0.97,0.24,-5858000000,-12953000000,21132000000,2321000000,6044000000,268000000,33.83,39.1,28.56,0.2287,0.0136,14.48,2.04,10.39,3.73,0.2615,0,0.057999999999999996,0.3269,0.04,-6.31,None,WAMU
27,2001-09-30,875894741,875894741,1.0,223638000000,None,209109000000,None,14529000000,0,0,2377000000,0,2554000000,832000000,830000000,0.97,0.94,0.23,965000000,5109000000,-6916000000,-842000000,3723000000,147000000,38.86,42.69,35.03,0.2191,0.0128,16.59,2.55,13.45,3.49,0.273,0,0.065,0.3143,0.04,0.93,None,WAMU
28,2001-06-30,879443435,879443435,1.0,229298000000,None,215887000000,None,13411000000,0,0,2309000000,0,2478000000,798000000,796000000,0.93,0.91,0.22,-4675000000,-589000000,6866000000,1602000000,4565000000,146000000,36.09,39.39,32.78,0.2109,0.0114,15.25,2.57,13.92,3.26,0.2973,0,0.0585,0.3066,0.04,-5.48,None,WAMU
29,2001-03-31,585085849,877628773,1.5,219925000000,None,207589000000,None,12336000000,0,0,2192000000,0,2109000000,641000000,640000000,1.16,1.15,0.315,-1209000000,-3912000000,5462000000,341000000,2963000000,192000000,32.94,36.5,29.38,0.2061,0.0105,14.06,2.84,13.84,3.04,0.3205,0,0.0561,0.3017,0.03,-1.6,None,WAMU
30,2000-12-31,583802776,875704164,1.5,194716000000,None,184550000000,None,10166000000,0,0,1084000000,0,1650185000,497253000,497253000,0.97,0.96,0.3,5105160000,-6998512000,2297186000,403834000,2622000000,92156000,31.25,37.25,25.25,0.2067,0.01,11.61,2.71,13.83,2.83,0.3319,0,0.0522,0.3017,0.03,5.72,None,WAMU
31,2000-09-30,539280106,808920159,1.5,190780150000,None,181450912000,None,9329238000,0,0,1108616000,0,1544907000,452493000,452493000,0.86,0.86,0.29,-1559147000,-2751122000,3718205000,-592064000,2218333000,66239000,23.59,27.04,20.13,0.2079,0.0099,11.53,2.23,10.53,2.63,0.3241,0,0.0489,0.3024,0.03,-2.01,None,WAMU
32,2000-06-30,538875903,808313854,1.5,185687190000,None,177135425000,None,8551765000,0,0,1134406000,0,1592134000,490762000,490762000,0.92,0.92,0.28,-615446000,4291266000,-3683438000,-7618000,2810397000,72963000,19.09,21.75,16.42,0.2123,0.0101,10.58,1.8,8.89,2.44,0.3147,0,0.0461,0.3081,0.03,-0.85,None,WAMU
33,2000-03-31,547759847,821639770,1.5,188605218000,None,179899645000,None,8705573000,0,0,1165221000,0,1507774000,458492000,458492000,0.83,0.83,0.27,91433000,-2194632000,1881047000,-222152000,2818015000,40642000,16.27,18,14.54,0.2051,0.01,10.6,1.51,7.75,2.25,0.3147,0,0.0462,0.3058,0.03,0.06,None,WAMU
34,1999-12-31,558327194,837490791,1.5,186513630000,None,177460951000,None,9052679000,0,0,1199854000,0,1479437000,450292000,450292000,0.79,0.78,0.26,1256302000,-4901652000,4218408000,573058000,3040167000,78428000,20.36,23.96,16.75,0.1984,0.0101,10.81,1.98,10.05,2.07,0.3111,0,0.0485,0.3048,0.03,1.41,None,WAMU
35,1999-09-30,577304190,865956285,1.5,180799904000,None,171893924000,None,8905980000,0,0,936433000,0,1489185000,469980000,469980000,0.83,0.83,0.25,1376995000,-6572546000,5955706000,760155000,2467109000,33581000,21.52,24.42,18.63,0.2221,0.0119,10.28,2.06,10.98,1.9,0.2687,0,0.0493,0.2751,0.04,1.55,None,WAMU
36,1999-06-30,579107856,868661784,1.5,175041414000,None,165979852000,None,9061562000,0,0,960091000,0,1512826000,452674000,452674000,0.78,0.78,0.24,59872000,-5195806000,4934968000,-200966000,1706954000,136760000,25.52,27.96,23.09,0.2191,0.012,10.43,2.37,13.43,1.73,0.2857,0,0.0518,0.2675,0.04,-0.09,None,WAMU
37,1999-03-31,594850100,892275150,1.5,174295052000,None,164685526000,None,9609526000,0,0,980233000,0,1479339000,444118000,444118000,0.76,0.76,0.23,2576398000,-11099104000,7673652000,-849054000,1907920000,70029000,27.9,30.17,25.63,0.2185,0.0121,10.77,2.66,15.11,1.57,0.2817,0,0.0551,0.2599,0.05,2.81,None,WAMU
38,1998-12-31,593989545,890984317,1.5,165493281000,None,156148881000,None,9344400000,0,0,1009666000,0,2970055000,694893000,682894000,0.71,0.67,0.22,3499321000,-2804456000,-451157000,243708000,2756974000,115766000,23.25,27.5,19,0.2244,0.0124,10.49,3.57,13.38,1.42,0.2758,0,0.0565,0.2529,0.05,3.8,None,WAMU
39,1998-09-30,593252788,889879182,1.5,108359066000,None,102558079000,None,5800987000,0,0,0,0,962827000,274297000,273028000,0.73,0.73,0.207,3546011000,-5712558000,2481213000,314666000,1354159000,71818000,25.73,30.71,20.75,0.208,0.0113,6.52,2.65,25.34,1.27,0.3009,0,0.0535,0.2477,0.05,3.9,None,WAMU
40,1998-06-30,387234619,580851928,1.5,103396952000,None,97761300000,None,5635652000,0,0,0,0,976289000,261271000,260335000,0.69,0.69,0.2,503475000,-2628020000,2099831000,-24714000,1039493000,83635000,30.62,33.95,27.29,0.1377,0.0077,9.7,3.27,31.17,1.13,0.393,0,0.0545,0.1676,0.04,0.72,None,WAMU
41,1998-03-31,258060967,580637175,2.25,103123908000,None,97686909000,None,5436999000,0,0,0,0,906702000,256471000,254733000,1.02,1.02,0.2895,-633790000,-4056659000,4193766000,-496683000,1064207000,48956000,28.9,33.3,24.5,0.1295,0.0072,9.36,3.16,30.67,1.0,0.413,0,0.0527,0.1554,0.05,-1.18,None,WAMU
42,1997-12-31,257781511,580008399,2.25,96981099000,None,91672028000,None,5309071000,0,0,0,0,1810133000,375895000,365402000,0.77,0.76,0.28,245000000,-3327452000,3292978000,210526000,1560890000,46699000,29.48,32.17,26.8,0.1178,0.0067,9.15,3.2,78.96,0.87,0.4478,0,0.0547,0.1366,0.05,0.34,None,WAMU
43,1997-09-30,257331238,578995285,2.25,95607369000,None,90270305000,None,5337064000,0,0,0,0,766764000,-126954000,-132883000,-0.53,-0.53,0.27,-243052000,-2339549000,2482776000,-99825000,1240554000,35278000,28.7,31.22,26.17,0.0137,0.001,9.22,3.2,34.72,0.75,3.7712,0,0.0558,0.0184,0.04,-0.48,None,WAMU
44,1997-06-30,126471072,284559912,2.25,48763153000,None,46206843000,None,2556310000,0,0,0,0,400634000,118765000,116260000,0.96,0.96,0.26,12796000,-2473468000,2543926000,83254000,615897000,27484000,24.02,27.86,20.17,0.0936,None,8.98,2.81,32.56,0.63,0.5255,0,0.0524,0.1164,0.05,-0.05,None,WAMU
45,1997-03-31,126361456,284313276,2.25,46051150000,None,43623153000,None,2427997000,0,0,130698000,0,392342000,114072000,111567000,0.93,0.93,0.25,171102000,-1788794000,1319272000,-298420000,532643000,21961000,22.59,26.17,19,0.0749,None,8.54,2.68,34.58,0.51,0.619,0,0.0527,0.0933,0.05,0.52,None,WAMU
46,1996-12-31,126272191,284112429,2.25,44551925000,None,42154037000,None,2397888000,0,0,133509000,0,805534000,-46784000,-51388000,-0.52,-0.52,0.24,267684000,-2806969000,2522026000,-17259000,831063000,47693000,18.3,20.39,16.22,None,None,8.44,1.78,None,0.4,0.8132,0,0.0538,None,None,0.77,None,WAMU
47,1996-09-30,72268186,162603418,2.25,22413697000,None,20739101000,None,1674596000,0,0,140300000,0,222171000,40174000,35569000,0.49,0.49,0.23,21016000,125340000,12554000,158910000,462761000,19244000,15.05,17.44,12.67,None,None,10.3,1.48,None,0.29,None,0,0.0747,None,None,0.01,None,WAMU
48,1996-06-30,72200356,162450801,2.25,22323472000,None,20676399000,None,1647073000,0,0,147251000,0,214896000,61359000,56754000,0.79,0.76,0.22,99669000,-101034000,15185000,13820000,303851000,9790000,12.55,13.5,11.61,None,None,10.14,1.23,None,0.19,None,0,0.0738,None,None,0.55,None,WAMU
49,1996-03-31,72120915,162272058,2.25,22344769000,None,20694890000,None,1649879000,0,0,154212000,0,207670000,59529000,54924000,0.76,0.74,0.21,108221000,-367980000,-48482000,-308241000,290031000,6194000,13.3,14.33,12.28,None,None,10.17,None,None,0.093333,None,0,0.0738,None,None,0.63,None,WAMU
